4322 4936
499 381 560 446 ¹94
875 373 973 430 LOCI
999 372 1028 426 E
1057 371 1180 428 LIBRO
1217 369 1475 426 VERITATUM.

501 607 561 652 sua
583 589 626 653 sit
647 609 759 655 secum
784 590 817 654 in
836 590 1060 656 confusionem
1085 589 1159 652 Deo
1182 589 1386 670 placentem!
1418 598 1451 652 et
1473 588 1531 652 tali
1556 588 1654 652 modo
1677 597 1710 651 et
1734 585 1850 668 mediis

501 708 623 774 talibus
659 711 790 776 suerunt
828 711 981 794 episcopi,
1017 730 1061 774 sc.
1099 710 1273 792 episcopus
1312 709 1530 788 Menevensis,
1570 709 1590 772 i.
1606 730 1635 772 e.
1669 707 1780 772 David
1817 707 1849 769 in

500 827 630 908 wallia,
667 840 701 896 et
738 831 842 896 eciam
879 830 1066 895 Willelmus
1104 829 1222 906 Buthe,
1260 827 1524 913 archiepiscopus
1561 828 1780 894 Eboracensis
1817 827 1849 890 in

501 948 635 1033 Anglia,
665 953 721 1034 qui
752 972 813 1015 nec
841 951 902 1016 fuit
931 952 1096 1015 virtuosus
1126 951 1159 1014 in
1189 951 1312 1015 noticia
1341 950 1523 1030 hominum,
1553 971 1613 1015 nec
1643 950 1759 1024 sciens,
1789 967 1849 1012 nec

499 1071 682 1152 graduatus
705 1072 737 1135 in
753 1072 863 1155 aliqua
885 1071 1042 1136 facultate
1063 1072 1097 1134 in
1117 1071 1229 1154 aliqua
1252 1072 1474 1147 universitate,
1490 1073 1548 1136 sed
1572 1071 1710 1154 cupidus
1732 1069 1849 1153 legista

498 1187 581 1272 juris
606 1193 710 1275 regni,
736 1192 793 1275 qui
818 1213 923 1274 nuper
947 1193 1090 1274 optinuit
1113 1212 1133 1255 a
1155 1191 1376 1273 parliamento
1400 1194 1491 1276 regni
1514 1192 1657 1275 Angliae,
1677 1211 1765 1256 anno
1789 1189 1848 1253 Xti

505 1319 598 1392 1445,
625 1311 795 1378 licenciam
821 1313 1056 1397 appropriandi
1083 1333 1184 1376 unam
1212 1313 1382 1378 ecclesiam
1409 1311 1629 1396 parochialem
1655 1332 1713 1376 seu
1744 1321 1848 1375 recto·

501 1431 585 1496 riam
618 1432 651 1496 in
681 1453 741 1497 sua
777 1433 899 1498 diocesi
930 1434 986 1496 uni
1018 1433 1186 1497 abbathiae
1223 1454 1299 1497 cum
1328 1434 1392 1498 ista
1428 1434 1630 1510 condicione,
1665 1433 1757 1515 quod
1792 1429 1848 1494 illa

499 1551 657 1616 abbathia
690 1552 797 1618 solvat
834 1555 1004 1618 annuatim
1040 1552 1186 1617 ecclesiae
1222 1552 1402 1618 cathedrali
1433 1553 1633 1618 Eboracensi
1668 1573 1718 1615 xx
1748 1551 1847 1615 libras

500 1691 560 1754 pro
586 1671 737 1756 exequiis
759 1672 845 1737 illius
871 1674 1018 1758 episcopi
1048 1674 1093 1737 ibi
1124 1673 1327 1738 celebrandis
1350 1674 1541 1752 annuatim3
1572 1684 1607 1738 et
1632 1673 1731 1736 credo
1757 1671 1846 1754 quod

498 1793 659 1858 memoria
685 1792 756 1876 ejus
782 1793 844 1859 erit
870 1795 903 1858 in
928 1793 1163 1858 malediccione
1186 1794 1219 1858 in
1246 1793 1415 1860 saeculum.
1463 1795 1532 1858 Iste
1557 1793 1734 1878 praedictus
1760 1792 1845 1874 epis-

497 1933 600 1995 copus
622 1913 774 1994 Eboraci,
797 1914 983 1979 Willelmus
1011 1914 1128 1993 Buthe,
1156 1925 1193 1980 ut
1223 1915 1364 1979 habetur
1392 1935 1453 1998 per
1483 1935 1621 1998 magnas
1650 1913 1846 1989 evidencias,

495 2031 600 2098 odivit
630 2033 765 2100 clericos
794 2054 932 2118 magnos
966 2037 998 2100 in
1029 2035 1171 2099 sciencia
1204 2045 1238 2100 et
1267 2036 1345 2111 vita,
1375 2043 1410 2100 et
1443 2035 1608 2117 promovit
1638 2035 1672 2098 in
1701 2033 1846 2098 ecclesiis

489 2153 628 2236 juvenes
651 2165 685 2220 et
707 2156 881 2240 nepotulos
903 2177 989 2234 suos
1006 2166 1039 2220 et
1062 2156 1167 2220 eciam
1190 2155 1323 2220 fratrem
1347 2176 1443 2219 suum
1460 2155 1688 2233 Laurencium,
1703 2154 1736 2218 in
1752 2153 1845 2218 adul-

492 2275 576 2339 terio
605 2277 766 2358 genitum,
796 2276 839 2340 ad
875 2276 965 2340 mille
997 2295 1125 2340 marcas
1155 2277 1327 2342 annuatim
1357 2276 1543 2360 promovit3
1579 2284 1613 2340 et
1643 2275 1689 2340 sic
1722 2276 1757 2338 in
1785 2273 1844 2339 tali

494 2404 584 2460 statu
615 2396 708 2461 stetit
737 2395 863 2480 Anglia
892 2398 925 2460 in
955 2406 1106 2480 ternpore
1140 2417 1224 2461 meo.
1270 2397 1409 2462 Utinam
1436 2418 1499 2480 ego
1525 2417 1632 2460 essem
1658 2404 1844 2479 pauperet

496 2516 667 2581 mendicus
690 2518 733 2581 ad
757 2517 820 2582 Dei
844 2517 1012 2600 placitum,
1036 2519 1082 2582 sic
1104 2519 1195 2600 quod
1218 2518 1324 2582 sancti
1346 2517 1406 2581 viri
1428 2527 1462 2582 et
1485 2517 1596 2582 devoti
1619 2525 1653 2582 et
1675 2515 1843 2580 scientifici

492 2646 604 2702 essent
628 2637 776 2719 promoti
807 2647 840 2702 et
870 2647 1021 2719 regerent
1050 2659 1145 2702 curas
1175 2639 1359 2703 animarum
1389 2659 1464 2704 cum
1495 2638 1620 2703 eisdem
1651 2637 1842 2702 residentes.

495 2756 570 2820 Deo
593 2757 681 2822 enim
704 2759 779 2822 vivo
807 2768 841 2823 et
863 2781 940 2824 vero
970 2781 1101 2842 semper
1124 2761 1167 2824 sit
1194 2760 1265 2825 laus
1291 2781 1351 2825 sua
1377 2762 1439 2824 sibi
1466 2760 1578 2826 debita
1604 2781 1664 2843 pro
1690 2759 1844 2823 omnibus

493 2878 616 2942 sanctis
646 2880 712 2942 suis
742 2889 776 2944 et
802 2879 934 2962 judiciis
960 2882 1027 2945 suis
1052 2881 1151 2964 justis
1181 2889 1215 2944 et
1242 2882 1520 2964 promissionibus,
1546 2883 1602 2964 qui
1632 2880 1724 2946 novit
1752 2880 1842 2962 quod

493 3018 557 3080 ego
587 2998 736 3064 Thomas
766 3001 961 3086 Gascoigne,
990 3001 1153 3084 Anglicus
1183 3004 1368 3078 nativitate,
1400 3023 1568 3086 nunquam
1604 3001 1703 3067 habui
1743 2999 1841 3065 michi

492 3119 641 3185 oblatam
663 3121 810 3205 aliquam
832 3124 1046 3207 praebendam
1070 3125 1103 3188 in
1126 3125 1237 3208 aliqua
1259 3125 1396 3189 ecclesia
1416 3123 1551 3207 Angliae
1574 3124 1619 3207 xij
1646 3143 1840 3196 marcarum,

493 3242 707 3324 praebendam
737 3253 849 3309 tamen
880 3245 1009 3310 Combe
1038 3246 1185 3324 decimae,
1215 3245 1249 3308 in
1283 3245 1420 3310 ecclesia
1445 3245 1615 3322 Wellensi,
1641 3243 1735 3326 quasi
1765 3253 1840 3308 octo

494 3362 592 3428 michi
630 3385 812 3428 marcarum
850 3367 1021 3431 annuatim
1055 3367 1149 3430 dedit
1183 3365 1281 3430 michi
1319 3367 1416 3429 bonae
1453 3366 1630 3444 memoriae,
1658 3374 1696 3428 ut
1731 3363 1839 3440 credo,

492 3484 666 3567 episcopus
688 3485 873 3562 Wellensis,
896 3488 1050 3550 dominus
1072 3487 1221 3550 Thomas
1243 3486 1456 3568 Bekynielde,
1479 3487 1596 3551 doctor
1614 3485 1695 3568 juris
1718 3484 1839 3550 civilis!

493 3602 677 3668 Cardinalis
707 3607 811 3670 eciam
837 3606 1008 3688 Johannes
1033 3607 1176 3690 Kempe,
1207 3616 1286 3672 tunc
1316 3605 1580 3689 archiepiscopus
1610 3606 1838 3682 Eboracensis,

490 3724 584 3789 dedit
610 3725 708 3790 michi
733 3726 766 3790 in
793 3747 892 3790 manu
920 3748 993 3791 mea
1020 3728 1245 3804 collacionem,
1268 3729 1424 3811 scriptam
1447 3728 1510 3791 sub
1536 3748 1596 3792 suo
1622 3726 1738 3810 sigillo,
1761 3746 1839 3791 can·

489 3844 693 3910 cellariatum
717 3847 933 3913 Eboracensis
956 3848 1109 3924 ecclesiae,
1132 3858 1208 3931 post
1232 3858 1372 3912 mortem
1397 3849 1542 3914 doctoris
1561 3849 1698 3931 Kexby,
1713 3848 1837 3912 ibidem

488 3966 681 4045 cancellarii,
708 3989 808 4050 quem
838 3968 1104 4034 cancellariatum
1135 3989 1304 4052 nunquam
1336 3971 1463 4052 recepi3
1495 3979 1528 4032 et
1555 3990 1621 4032 una
1648 3989 1746 4033 causa
1776 3967 1837 4032 suit

487 4086 566 4168 quia
594 4097 773 4170 proventus
802 4099 835 4152 et
866 4090 1015 4154 redditus
1047 4087 1132 4154 illius
1162 4083 1411 4154 cancellariatus
1435 4089 1654 4154 Eboracensis
1683 4097 1773 4153 stant
1802 4089 1836 4152 in

488 4207 670 4273 redditibus
701 4229 757 4272 seu
781 4210 918 4274 decimis
947 4210 1088 4274 duarum
1112 4210 1322 4275 ecclesiarum
1352 4210 1598 4292 parochialium,
1620 4231 1695 4292 quae
1717 4228 1837 4292 appro-
