<?xml version="1.0" encoding="UTF-8"?>
<!DOCTYPE html PUBLIC "-//W3C//DTD XHTML 1.0 Transitional//EN"
    "http://www.w3.org/TR/xhtml1/DTD/xhtml1-transitional.dtd">
<html xmlns="http://www.w3.org/1999/xhtml" xml:lang="en" lang="en">
 <head>
  <title>
</title>
<meta http-equiv="Content-Type" content="text/html;charset=utf-8" />
  <meta name='ocr-system' content='tesseract 3.04.00' />
  <meta name='ocr-capabilities' content='ocr_page ocr_carea ocr_par ocr_line ocrx_word'/>
</head>
<body>
  <div class='ocr_page' id='page_1' title='image "./locielibroverit01gascgoog_0245.png"; bbox 0 0 4378 4936; ppageno 0'>
   <div class='ocr_carea' id='block_1_1' title="bbox 487 403 1463 475">
    <p class='ocr_par' dir='ltr' id='par_1_1' title="bbox 487 403 1463 475">
     <span class='ocr_line' id='line_1_1' title="bbox 487 403 1463 475; baseline 0.002 -20"><span class='ocrx_word' id='word_1_1' title='bbox 487 410 547 475; x_wconf 73' lang='lat'><strong>132</strong></span> <span class='ocrx_word' id='word_1_2' title='bbox 862 404 961 460; x_wconf 86' lang='lat' dir='ltr'><em>LOCI</em></span> <span class='ocrx_word' id='word_1_3' title='bbox 985 405 1015 457; x_wconf 90' lang='lat' dir='ltr'><em>E</em></span> <span class='ocrx_word' id='word_1_4' title='bbox 1043 404 1168 458; x_wconf 87' lang='lat' dir='ltr'><em>LIBRO</em></span> <span class='ocrx_word' id='word_1_5' title='bbox 1203 403 1463 458; x_wconf 82' lang='lat' dir='ltr'><em>VERITATUM.</em></span> 
     </span>
    </p>
   </div>
   <div class='ocr_carea' id='block_1_2' title="bbox 485 615 1843 4336">
    <p class='ocr_par' dir='ltr' id='par_1_2' title="bbox 485 615 1841 1056">
     <span class='ocr_line' id='line_1_2' title="bbox 485 615 1840 701; baseline -0.001 -21"><span class='ocrx_word' id='word_1_6' title='bbox 485 627 639 699; x_wconf 84' lang='lat' dir='ltr'><strong>quaerunt</strong></span> <span class='ocrx_word' id='word_1_7' title='bbox 664 639 765 701; x_wconf 87' lang='lat' dir='ltr'><strong>quam</strong></span> <span class='ocrx_word' id='word_1_8' title='bbox 792 617 866 682; x_wconf 87' lang='lat' dir='ltr'><strong>Dei.</strong></span> <span class='ocrx_word' id='word_1_9' title='bbox 921 617 958 682; x_wconf 92' lang='lat' dir='ltr'><strong>Si</strong></span> <span class='ocrx_word' id='word_1_10' title='bbox 985 618 1073 682; x_wconf 93' lang='lat' dir='ltr'><strong>enim</strong></span> <span class='ocrx_word' id='word_1_11' title='bbox 1102 617 1262 682; x_wconf 87' lang='lat' dir='ltr'>honorem</span> <span class='ocrx_word' id='word_1_12' title='bbox 1290 617 1355 681; x_wconf 91' lang='lat' dir='ltr'><strong>Dei</strong></span> <span class='ocrx_word' id='word_1_13' title='bbox 1382 629 1575 701; x_wconf 80' lang='lat' dir='ltr'><strong>quaererent,</strong></span> <span class='ocrx_word' id='word_1_14' title='bbox 1600 617 1714 682; x_wconf 89' lang='lat' dir='ltr'><strong>talem</strong></span> <span class='ocrx_word' id='word_1_15' title='bbox 1731 615 1840 700; x_wconf 83' lang='lat' dir='ltr'><strong>praefi·</strong></span> 
     </span>
     <span class='ocr_line' id='line_1_3' title="bbox 486 738 1841 824; baseline 0.001 -22"><span class='ocrx_word' id='word_1_16' title='bbox 486 747 597 802; x_wconf 92' lang='lat' dir='ltr'><strong>cerent</strong></span> <span class='ocrx_word' id='word_1_17' title='bbox 627 749 661 803; x_wconf 89' lang='lat' dir='ltr'><strong>et</strong></span> <span class='ocrx_word' id='word_1_18' title='bbox 690 738 833 803; x_wconf 89' lang='lat' dir='ltr'><strong>ordinari</strong></span> <span class='ocrx_word' id='word_1_19' title='bbox 862 738 1060 818; x_wconf 86' lang='lat' dir='ltr'>laborarent,</span> <span class='ocrx_word' id='word_1_20' title='bbox 1091 741 1147 823; x_wconf 93' lang='lat' dir='ltr'><strong>qui</strong></span> <span class='ocrx_word' id='word_1_21' title='bbox 1178 741 1284 824; x_wconf 85' lang='lat' dir='ltr'><strong>magis</strong></span> <span class='ocrx_word' id='word_1_22' title='bbox 1313 749 1347 804; x_wconf 90' lang='lat' dir='ltr'><strong>et</strong></span> <span class='ocrx_word' id='word_1_23' title='bbox 1376 739 1554 824; x_wconf 83' lang='lat' dir='ltr'><strong>perfectius</strong></span> <span class='ocrx_word' id='word_1_24' title='bbox 1583 761 1684 823; x_wconf 93' lang='lat' dir='ltr'><strong>opera</strong></span> <span class='ocrx_word' id='word_1_25' title='bbox 1712 739 1775 803; x_wconf 90' lang='lat' dir='ltr'><strong>Dei</strong></span> <span class='ocrx_word' id='word_1_26' title='bbox 1806 748 1841 803; x_wconf 93' lang='lat' dir='ltr'><strong>et</strong></span> 
     </span>
     <span class='ocr_line' id='line_1_4' title="bbox 486 856 1841 945; baseline 0.003 -25"><span class='ocrx_word' id='word_1_27' title='bbox 486 856 629 922; x_wconf 88' lang='lat' dir='ltr'><strong>salutem</strong></span> <span class='ocrx_word' id='word_1_28' title='bbox 659 859 844 923; x_wconf 87' lang='lat' dir='ltr'><strong>animarum</strong></span> <span class='ocrx_word' id='word_1_29' title='bbox 865 860 976 938; x_wconf 89' lang='lat' dir='ltr'><strong>verbo,</strong></span> <span class='ocrx_word' id='word_1_30' title='bbox 1004 868 1037 924; x_wconf 92' lang='lat' dir='ltr'><strong>et</strong></span> <span class='ocrx_word' id='word_1_31' title='bbox 1067 859 1233 943; x_wconf 88' lang='lat' dir='ltr'><strong>exemplo,</strong></span> <span class='ocrx_word' id='word_1_32' title='bbox 1256 869 1291 924; x_wconf 91' lang='lat' dir='ltr'><strong>et</strong></span> <span class='ocrx_word' id='word_1_33' title='bbox 1319 861 1466 924; x_wconf 90' lang='lat' dir='ltr'><strong>subsidio</strong></span> <span class='ocrx_word' id='word_1_34' title='bbox 1490 860 1648 944; x_wconf 89' lang='lat' dir='ltr'><strong>perficere</strong></span> <span class='ocrx_word' id='word_1_35' title='bbox 1670 870 1783 945; x_wconf 90' lang='lat' dir='ltr'><strong>posset</strong></span> <span class='ocrx_word' id='word_1_36' title='bbox 1806 869 1841 925; x_wconf 93' lang='lat' dir='ltr'><strong>et</strong></span> 
     </span>
     <span class='ocr_line' id='line_1_5' title="bbox 485 978 1414 1056; baseline 0.002 -14"><span class='ocrx_word' id='word_1_37' title='bbox 485 978 596 1044; x_wconf 91' lang='lat' dir='ltr'><strong>vellet.</strong></span> <span class='ocrx_word' id='word_1_38' title='bbox 642 981 807 1045; x_wconf 88' lang='lat' dir='ltr'>Dominus</span> <span class='ocrx_word' id='word_1_39' title='bbox 830 983 920 1045; x_wconf 90' lang='lat' dir='ltr'><strong>enim</strong></span> <span class='ocrx_word' id='word_1_40' title='bbox 943 981 1037 1045; x_wconf 92' lang='lat' dir='ltr'><strong>Deus</strong></span> <span class='ocrx_word' id='word_1_41' title='bbox 1059 982 1147 1046; x_wconf 84' lang='lat' dir='ltr'>dixit</span> <span class='ocrx_word' id='word_1_42' title='bbox 1169 983 1212 1045; x_wconf 84' lang='lat' dir='ltr'><strong>ad</strong></span> <span class='ocrx_word' id='word_1_43' title='bbox 1238 981 1327 1056; x_wconf 91' lang='lat' dir='ltr'><strong>Heli,</strong></span> <span class='ocrx_word' id='word_1_44' title='bbox 1351 991 1414 1045; x_wconf 90' lang='lat' dir='ltr'><strong>etc.</strong></span> 
     </span>
    </p>

    <p class='ocr_par' dir='ltr' id='par_1_3' title="bbox 485 1100 1842 2390">
     <span class='ocr_line' id='line_1_6' title="bbox 574 1100 1840 1185; baseline 0.002 -21"><span class='ocrx_word' id='word_1_45' title='bbox 574 1100 643 1184; x_wconf 91' lang='lat' dir='ltr'><strong>Ipsi</strong></span> <span class='ocrx_word' id='word_1_46' title='bbox 660 1110 901 1185; x_wconf 88' lang='lat' dir='ltr'><strong>contempnunt</strong></span> <span class='ocrx_word' id='word_1_47' title='bbox 917 1102 1028 1166; x_wconf 90' lang='lat' dir='ltr'><strong>Deum</strong></span> <span class='ocrx_word' id='word_1_48' title='bbox 1045 1102 1100 1184; x_wconf 92' lang='lat' dir='ltr'><strong>qui</strong></span> <span class='ocrx_word' id='word_1_49' title='bbox 1121 1101 1168 1166; x_wconf 90' lang='lat' dir='ltr'><strong>ita</strong></span> <span class='ocrx_word' id='word_1_50' title='bbox 1183 1111 1304 1184; x_wconf 90' lang='lat' dir='ltr'><strong>sponte</strong></span> <span class='ocrx_word' id='word_1_51' title='bbox 1323 1101 1495 1166; x_wconf 82' lang='lat' dir='ltr'><strong>conserunt</strong></span> <span class='ocrx_word' id='word_1_52' title='bbox 1510 1103 1670 1167; x_wconf 88' lang='lat' dir='ltr'><strong>beneficia</strong></span> <span class='ocrx_word' id='word_1_53' title='bbox 1684 1112 1719 1167; x_wconf 91' lang='lat' dir='ltr'><strong>et</strong></span> <span class='ocrx_word' id='word_1_54' title='bbox 1733 1102 1840 1168; x_wconf 86' lang='lat' dir='ltr'><strong>officia</strong></span> 
     </span>
     <span class='ocr_line' id='line_1_7' title="bbox 486 1220 1841 1308; baseline 0.003 -24"><span class='ocrx_word' id='word_1_55' title='bbox 486 1220 550 1285; x_wconf 92' lang='lat' dir='ltr'><strong>illis</strong></span> <span class='ocrx_word' id='word_1_56' title='bbox 573 1223 629 1306; x_wconf 90' lang='lat' dir='ltr'><strong>qui</strong></span> <span class='ocrx_word' id='word_1_57' title='bbox 652 1224 699 1288; x_wconf 90' lang='lat' dir='ltr'><strong>eis</strong></span> <span class='ocrx_word' id='word_1_58' title='bbox 721 1225 865 1307; x_wconf 87' lang='lat' dir='ltr'><strong>placent,</strong></span> <span class='ocrx_word' id='word_1_59' title='bbox 887 1225 998 1308; x_wconf 92' lang='lat' dir='ltr'><strong>potius</strong></span> <span class='ocrx_word' id='word_1_60' title='bbox 1024 1244 1126 1307; x_wconf 91' lang='lat' dir='ltr'><strong>quam</strong></span> <span class='ocrx_word' id='word_1_61' title='bbox 1154 1223 1218 1286; x_wconf 92' lang='lat' dir='ltr'><strong>illis</strong></span> <span class='ocrx_word' id='word_1_62' title='bbox 1247 1224 1304 1306; x_wconf 91' lang='lat' dir='ltr'><strong>qui</strong></span> <span class='ocrx_word' id='word_1_63' title='bbox 1334 1243 1436 1306; x_wconf 90' lang='lat' dir='ltr'><strong>opera</strong></span> <span class='ocrx_word' id='word_1_64' title='bbox 1458 1223 1523 1287; x_wconf 93' lang='lat' dir='ltr'><strong>Dei</strong></span> <span class='ocrx_word' id='word_1_65' title='bbox 1551 1224 1658 1306; x_wconf 87' lang='lat' dir='ltr'><strong>magis</strong></span> <span class='ocrx_word' id='word_1_66' title='bbox 1683 1223 1841 1307; x_wconf 88' lang='lat' dir='ltr'>perficere</span> 
     </span>
     <span class='ocr_line' id='line_1_8' title="bbox 485 1344 1842 1424; baseline 0.001 -19"><span class='ocrx_word' id='word_1_67' title='bbox 485 1353 625 1424; x_wconf 90' lang='lat' dir='ltr'><strong>possunt</strong></span> <span class='ocrx_word' id='word_1_68' title='bbox 648 1353 682 1409; x_wconf 89' lang='lat' dir='ltr'><strong>et</strong></span> <span class='ocrx_word' id='word_1_69' title='bbox 704 1346 812 1410; x_wconf 89' lang='lat' dir='ltr'><strong>sciunt</strong></span> <span class='ocrx_word' id='word_1_70' title='bbox 834 1365 920 1410; x_wconf 86' lang='lat' dir='ltr'><strong>curae</strong></span> <span class='ocrx_word' id='word_1_71' title='bbox 943 1346 1165 1418; x_wconf 89' lang='lat' dir='ltr'><strong>attendentes,</strong></span> <span class='ocrx_word' id='word_1_72' title='bbox 1188 1353 1223 1408; x_wconf 89' lang='lat' dir='ltr'><strong>et</strong></span> <span class='ocrx_word' id='word_1_73' title='bbox 1245 1345 1280 1408; x_wconf 90' lang='lat' dir='ltr'><strong>in</strong></span> <span class='ocrx_word' id='word_1_74' title='bbox 1302 1364 1379 1408; x_wconf 91' lang='lat' dir='ltr'><strong>cura</strong></span> <span class='ocrx_word' id='word_1_75' title='bbox 1401 1345 1592 1408; x_wconf 88' lang='lat' dir='ltr'><strong>residentes.</strong></span> <span class='ocrx_word' id='word_1_76' title='bbox 1637 1344 1738 1410; x_wconf 87' lang='lat' dir='ltr'><strong>Tales</strong></span> <span class='ocrx_word' id='word_1_77' title='bbox 1763 1365 1842 1410; x_wconf 92' lang='lat' dir='ltr'><strong>con-</strong></span> 
     </span>
     <span class='ocr_line' id='line_1_9' title="bbox 487 1464 1840 1549; baseline 0.001 -21"><span class='ocrx_word' id='word_1_78' title='bbox 487 1473 642 1528; x_wconf 90' lang='lat' dir='ltr'><strong>temnunt</strong></span> <span class='ocrx_word' id='word_1_79' title='bbox 657 1465 778 1542; x_wconf 91' lang='lat' dir='ltr'><strong>Deum,</strong></span> <span class='ocrx_word' id='word_1_80' title='bbox 795 1467 873 1549; x_wconf 89' lang='lat' dir='ltr'><strong>quia</strong></span> <span class='ocrx_word' id='word_1_81' title='bbox 894 1473 1092 1549; x_wconf 88' lang='lat' dir='ltr'><strong>praeponunt</strong></span> <span class='ocrx_word' id='word_1_82' title='bbox 1112 1464 1317 1529; x_wconf 88' lang='lat' dir='ltr'><strong>voluntatem</strong></span> <span class='ocrx_word' id='word_1_83' title='bbox 1333 1464 1477 1528; x_wconf 92' lang='lat' dir='ltr'><strong>hominis</strong></span> <span class='ocrx_word' id='word_1_84' title='bbox 1496 1465 1612 1548; x_wconf 83' lang='lat' dir='ltr'><strong>pocius</strong></span> <span class='ocrx_word' id='word_1_85' title='bbox 1635 1486 1735 1548; x_wconf 91' lang='lat' dir='ltr'><strong>quam</strong></span> <span class='ocrx_word' id='word_1_86' title='bbox 1758 1465 1840 1532; x_wconf 94' lang='lat' dir='ltr'><strong>illud</strong></span> 
     </span>
     <span class='ocr_line' id='line_1_10' title="bbox 486 1583 1842 1670; baseline 0.002 -23"><span class='ocrx_word' id='word_1_87' title='bbox 486 1585 577 1667; x_wconf 93' lang='lat' dir='ltr'><strong>quod</strong></span> <span class='ocrx_word' id='word_1_88' title='bbox 590 1583 691 1666; x_wconf 91' lang='lat' dir='ltr'><strong>jubet·</strong></span> <span class='ocrx_word' id='word_1_89' title='bbox 702 1586 804 1650; x_wconf 92' lang='lat' dir='ltr'><strong>Deus.</strong></span> <span class='ocrx_word' id='word_1_90' title='bbox 849 1586 951 1650; x_wconf 89' lang='lat' dir='ltr'><strong>Tales</strong></span> <span class='ocrx_word' id='word_1_91' title='bbox 966 1595 1045 1650; x_wconf 91' lang='lat' dir='ltr'><strong>sunt</strong></span> <span class='ocrx_word' id='word_1_92' title='bbox 1060 1586 1116 1668; x_wconf 94' lang='lat' dir='ltr'><strong>qui</strong></span> <span class='ocrx_word' id='word_1_93' title='bbox 1132 1586 1320 1650; x_wconf 91' lang='lat' dir='ltr'><strong>concedunt</strong></span> <span class='ocrx_word' id='word_1_94' title='bbox 1336 1584 1489 1650; x_wconf 88' lang='lat' dir='ltr'><strong>ecclesias</strong></span> <span class='ocrx_word' id='word_1_95' title='bbox 1504 1585 1557 1650; x_wconf 92' lang='lat' dir='ltr'><strong>vel</strong></span> <span class='ocrx_word' id='word_1_96' title='bbox 1576 1586 1683 1651; x_wconf 87' lang='lat' dir='ltr'><strong>officia</strong></span> <span class='ocrx_word' id='word_1_97' title='bbox 1698 1587 1762 1650; x_wconf 92' lang='lat' dir='ltr'><strong>illis</strong></span> <span class='ocrx_word' id='word_1_98' title='bbox 1780 1607 1842 1670; x_wconf 91' lang='lat' dir='ltr'><strong>pro</strong></span> 
     </span>
     <span class='ocr_line' id='line_1_11' title="bbox 487 1705 1840 1792; baseline 0.002 -24"><span class='ocrx_word' id='word_1_99' title='bbox 487 1705 606 1788; x_wconf 93' lang='lat' dir='ltr'><strong>quibus</strong></span> <span class='ocrx_word' id='word_1_100' title='bbox 626 1707 739 1772; x_wconf 86' lang='lat' dir='ltr'><strong>scribit</strong></span> <span class='ocrx_word' id='word_1_101' title='bbox 762 1728 831 1784; x_wconf 85' lang='lat' dir='ltr'><strong>rex,</strong></span> <span class='ocrx_word' id='word_1_102' title='bbox 846 1708 900 1772; x_wconf 92' lang='lat' dir='ltr'><strong>vel</strong></span> <span class='ocrx_word' id='word_1_103' title='bbox 922 1707 1078 1770; x_wconf 91' lang='lat' dir='ltr'><strong>dominus</strong></span> <span class='ocrx_word' id='word_1_104' title='bbox 1098 1715 1255 1782; x_wconf 90' lang='lat' dir='ltr'><strong>terrenus,</strong></span> <span class='ocrx_word' id='word_1_105' title='bbox 1272 1707 1387 1789; x_wconf 88' lang='lat' dir='ltr'><strong>pocius</strong></span> <span class='ocrx_word' id='word_1_106' title='bbox 1407 1727 1508 1789; x_wconf 91' lang='lat' dir='ltr'><strong>quam</strong></span> <span class='ocrx_word' id='word_1_107' title='bbox 1531 1706 1594 1771; x_wconf 93' lang='lat' dir='ltr'><strong>illis</strong></span> <span class='ocrx_word' id='word_1_108' title='bbox 1617 1707 1738 1790; x_wconf 92' lang='lat' dir='ltr'><strong>quibus</strong></span> <span class='ocrx_word' id='word_1_109' title='bbox 1757 1729 1840 1792; x_wconf 83' lang='lat' dir='ltr'><strong>prae-</strong></span> 
     </span>
     <span class='ocr_line' id='line_1_12' title="bbox 487 1826 1841 1910; baseline 0.002 -20"><span class='ocrx_word' id='word_1_110' title='bbox 487 1826 576 1908; x_wconf 89' lang='lat' dir='ltr'><strong>cepit</strong></span> <span class='ocrx_word' id='word_1_111' title='bbox 591 1826 684 1890; x_wconf 91' lang='lat' dir='ltr'><strong>Deus</strong></span> <span class='ocrx_word' id='word_1_112' title='bbox 706 1826 739 1892; x_wconf 92' lang='lat' dir='ltr'><strong>in</strong></span> <span class='ocrx_word' id='word_1_113' title='bbox 759 1827 877 1892; x_wconf 92' lang='lat' dir='ltr'><strong>litteris</strong></span> <span class='ocrx_word' id='word_1_114' title='bbox 899 1848 1000 1891; x_wconf 85' lang='lat' dir='ltr'><strong>sacrae</strong></span> <span class='ocrx_word' id='word_1_115' title='bbox 1017 1827 1197 1910; x_wconf 83' lang='lat' dir='ltr'><strong>Scripturae</strong></span> <span class='ocrx_word' id='word_1_116' title='bbox 1215 1826 1286 1890; x_wconf 84' lang='lat' dir='ltr'><strong>sore</strong></span> <span class='ocrx_word' id='word_1_117' title='bbox 1307 1827 1532 1890; x_wconf 82' lang='lat' dir='ltr'><strong>conferendos.</strong></span> <span class='ocrx_word' id='word_1_118' title='bbox 1577 1826 1750 1894; x_wconf 88' lang='lat' dir='ltr'><strong>Concedat</strong></span> <span class='ocrx_word' id='word_1_119' title='bbox 1770 1829 1841 1893; x_wconf 94' lang='lat' dir='ltr'><strong>Do·</strong></span> 
     </span>
     <span class='ocr_line' id='line_1_13' title="bbox 486 1948 1840 2033; baseline 0.003 -23"><span class='ocrx_word' id='word_1_120' title='bbox 486 1948 605 2024; x_wconf 90' lang='lat' dir='ltr'><strong>minus,</strong></span> <span class='ocrx_word' id='word_1_121' title='bbox 621 1969 682 2031; x_wconf 91' lang='lat' dir='ltr'><strong>pro</strong></span> <span class='ocrx_word' id='word_1_122' title='bbox 697 1970 757 2014; x_wconf 91' lang='lat' dir='ltr'><strong>sua</strong></span> <span class='ocrx_word' id='word_1_123' title='bbox 778 1949 1011 2026; x_wconf 90' lang='lat' dir='ltr'><strong>misericordia,</strong></span> <span class='ocrx_word' id='word_1_124' title='bbox 1026 1949 1115 2031; x_wconf 92' lang='lat' dir='ltr'><strong>quod</strong></span> <span class='ocrx_word' id='word_1_125' title='bbox 1132 1948 1299 2030; x_wconf 89' lang='lat' dir='ltr'><strong>promotio</strong></span> <span class='ocrx_word' id='word_1_126' title='bbox 1315 1948 1373 2011; x_wconf 88' lang='lat' dir='ltr'><strong>fiat</strong></span> <span class='ocrx_word' id='word_1_127' title='bbox 1393 1949 1572 2012; x_wconf 91' lang='lat' dir='ltr'><strong>secundum</strong></span> <span class='ocrx_word' id='word_1_128' title='bbox 1590 1949 1751 2033; x_wconf 90' lang='lat' dir='ltr'><strong>Spiritum</strong></span> <span class='ocrx_word' id='word_1_129' title='bbox 1767 1951 1840 2030; x_wconf 91' lang='lat' dir='ltr'><strong>Dei,</strong></span> 
     </span>
     <span class='ocr_line' id='line_1_14' title="bbox 486 2069 1842 2152; baseline 0.001 -19"><span class='ocrx_word' id='word_1_130' title='bbox 486 2077 522 2133; x_wconf 90' lang='lat' dir='ltr'><strong>et</strong></span> <span class='ocrx_word' id='word_1_131' title='bbox 539 2070 628 2152; x_wconf 91' lang='lat' dir='ltr'><strong>quod</strong></span> <span class='ocrx_word' id='word_1_132' title='bbox 649 2073 837 2136; x_wconf 88' lang='lat' dir='ltr'><strong>sacerdotes</strong></span> <span class='ocrx_word' id='word_1_133' title='bbox 853 2079 887 2136; x_wconf 91' lang='lat' dir='ltr'><strong>et</strong></span> <span class='ocrx_word' id='word_1_134' title='bbox 904 2070 1089 2144; x_wconf 91' lang='lat' dir='ltr'><strong>consiliarii,</strong></span> <span class='ocrx_word' id='word_1_135' title='bbox 1107 2069 1289 2134; x_wconf 89' lang='lat' dir='ltr'><strong>existentes</strong></span> <span class='ocrx_word' id='word_1_136' title='bbox 1308 2089 1384 2133; x_wconf 90' lang='lat' dir='ltr'><strong>cum</strong></span> <span class='ocrx_word' id='word_1_137' title='bbox 1400 2069 1542 2133; x_wconf 91' lang='lat' dir='ltr'><strong>dominis</strong></span> <span class='ocrx_word' id='word_1_138' title='bbox 1558 2070 1778 2135; x_wconf 87' lang='lat' dir='ltr'><strong>exhibeantur</strong></span> <span class='ocrx_word' id='word_1_139' title='bbox 1797 2072 1842 2136; x_wconf 90' lang='lat' dir='ltr'><strong>de</strong></span> 
     </span>
     <span class='ocr_line' id='line_1_15' title="bbox 486 2188 1841 2274; baseline 0.002 -22"><span class='ocrx_word' id='word_1_140' title='bbox 486 2188 583 2254; x_wconf 92' lang='lat' dir='ltr'><strong>bonis</strong></span> <span class='ocrx_word' id='word_1_141' title='bbox 606 2189 750 2274; x_wconf 88' lang='lat' dir='ltr'><strong>ipsorum</strong></span> <span class='ocrx_word' id='word_1_142' title='bbox 770 2191 998 2256; x_wconf 84' lang='lat' dir='ltr'><strong>dominorum!</strong></span> <span class='ocrx_word' id='word_1_143' title='bbox 1037 2191 1135 2267; x_wconf 85' lang='lat' dir='ltr'><strong>Item,</strong></span> <span class='ocrx_word' id='word_1_144' title='bbox 1152 2189 1246 2255; x_wconf 87' lang='lat' dir='ltr'><strong>exuti</strong></span> <span class='ocrx_word' id='word_1_145' title='bbox 1267 2211 1287 2254; x_wconf 89' lang='lat' dir='ltr'><strong>a</strong></span> <span class='ocrx_word' id='word_1_146' title='bbox 1303 2210 1380 2254; x_wconf 85' lang='lat' dir='ltr'><strong>cura</strong></span> <span class='ocrx_word' id='word_1_147' title='bbox 1397 2189 1547 2267; x_wconf 90' lang='lat' dir='ltr'><strong>aliorum,</strong></span> <span class='ocrx_word' id='word_1_148' title='bbox 1565 2200 1599 2254; x_wconf 93' lang='lat' dir='ltr'><strong>et</strong></span> <span class='ocrx_word' id='word_1_149' title='bbox 1618 2194 1646 2256; x_wconf 92' lang='lat' dir='ltr'><strong>si</strong></span> <span class='ocrx_word' id='word_1_150' title='bbox 1667 2211 1841 2274; x_wconf 90' lang='lat' dir='ltr'><strong>promove·</strong></span> 
     </span>
     <span class='ocr_line' id='line_1_16' title="bbox 486 2311 1804 2390; baseline 0.002 -16"><span class='ocrx_word' id='word_1_151' title='bbox 486 2319 592 2390; x_wconf 86' lang='lat' dir='ltr'><strong>antur,</strong></span> <span class='ocrx_word' id='word_1_152' title='bbox 607 2331 689 2376; x_wconf 87' lang='lat' dir='ltr'><strong>mox</strong></span> <span class='ocrx_word' id='word_1_153' title='bbox 710 2312 753 2376; x_wconf 91' lang='lat' dir='ltr'><strong>ad</strong></span> <span class='ocrx_word' id='word_1_154' title='bbox 775 2331 887 2376; x_wconf 89' lang='lat' dir='ltr'><strong>curam</strong></span> <span class='ocrx_word' id='word_1_155' title='bbox 908 2320 943 2376; x_wconf 90' lang='lat' dir='ltr'><strong>et</strong></span> <span class='ocrx_word' id='word_1_156' title='bbox 964 2313 1006 2376; x_wconf 91' lang='lat' dir='ltr'><strong>ad</strong></span> <span class='ocrx_word' id='word_1_157' title='bbox 1030 2311 1175 2376; x_wconf 87' lang='lat' dir='ltr'><strong>officium</strong></span> <span class='ocrx_word' id='word_1_158' title='bbox 1195 2311 1243 2376; x_wconf 92' lang='lat' dir='ltr'><strong>eis</strong></span> <span class='ocrx_word' id='word_1_159' title='bbox 1262 2311 1420 2376; x_wconf 89' lang='lat' dir='ltr'><strong>traditum</strong></span> <span class='ocrx_word' id='word_1_160' title='bbox 1440 2311 1579 2376; x_wconf 90' lang='lat' dir='ltr'><strong>transire</strong></span> <span class='ocrx_word' id='word_1_161' title='bbox 1600 2322 1804 2379; x_wconf 91' lang='lat' dir='ltr'><strong>moneantur.</strong></span> 
     </span>
    </p>

    <p class='ocr_par' dir='ltr' id='par_1_4' title="bbox 485 2433 1840 2882">
     <span class='ocr_line' id='line_1_17' title="bbox 573 2433 1840 2517; baseline 0.003 -23"><span class='ocrx_word' id='word_1_162' title='bbox 573 2441 607 2508; x_wconf 85' lang='lat' dir='ltr'><strong>[p.</strong></span> <span class='ocrx_word' id='word_1_163' title='bbox 633 2441 684 2508; x_wconf 53' lang='grc' dir='ltr'><strong>ῃ]</strong></span> <span class='ocrx_word' id='word_1_164' title='bbox 728 2433 806 2514; x_wconf 90' lang='lat' dir='ltr'><strong>Jam</strong></span> <span class='ocrx_word' id='word_1_165' title='bbox 833 2434 922 2498; x_wconf 90' lang='lat' dir='ltr'><strong>enim</strong></span> <span class='ocrx_word' id='word_1_166' title='bbox 947 2433 1049 2517; x_wconf 84' lang='lat' dir='ltr'><strong>aliqui</strong></span> <span class='ocrx_word' id='word_1_167' title='bbox 1079 2433 1226 2517; x_wconf 89' lang='lat' dir='ltr'><strong>episcopi</strong></span> <span class='ocrx_word' id='word_1_168' title='bbox 1256 2443 1290 2497; x_wconf 89' lang='lat' dir='ltr'><strong>et</strong></span> <span class='ocrx_word' id='word_1_169' title='bbox 1320 2433 1459 2498; x_wconf 87' lang='lat' dir='ltr'><strong>abbates</strong></span> <span class='ocrx_word' id='word_1_170' title='bbox 1491 2435 1710 2499; x_wconf 89' lang='lat' dir='ltr'><strong>concedentes</strong></span> <span class='ocrx_word' id='word_1_171' title='bbox 1740 2435 1840 2499; x_wconf 88' lang='lat' dir='ltr'><strong>bene·</strong></span> 
     </span>
     <span class='ocr_line' id='line_1_18' title="bbox 487 2551 1839 2636; baseline 0.003 -20"><span class='ocrx_word' id='word_1_172' title='bbox 487 2551 599 2616; x_wconf 88' lang='lat' dir='ltr'><strong>ficium</strong></span> <span class='ocrx_word' id='word_1_173' title='bbox 624 2552 677 2618; x_wconf 87' lang='lat' dir='ltr'><strong>vel</strong></span> <span class='ocrx_word' id='word_1_174' title='bbox 703 2555 862 2635; x_wconf 89' lang='lat' dir='ltr'><strong>scriptum</strong></span> <span class='ocrx_word' id='word_1_175' title='bbox 887 2552 1110 2618; x_wconf 88' lang='lat' dir='ltr'><strong>testimoniale</strong></span> <span class='ocrx_word' id='word_1_176' title='bbox 1136 2554 1199 2617; x_wconf 93' lang='lat' dir='ltr'><strong>sub</strong></span> <span class='ocrx_word' id='word_1_177' title='bbox 1225 2573 1285 2617; x_wconf 90' lang='lat' dir='ltr'><strong>suo</strong></span> <span class='ocrx_word' id='word_1_178' title='bbox 1310 2553 1419 2636; x_wconf 85' lang='lat' dir='ltr'><strong>sigillo</strong></span> <span class='ocrx_word' id='word_1_179' title='bbox 1445 2555 1606 2636; x_wconf 90' lang='lat' dir='ltr'><strong>recipiunt</strong></span> <span class='ocrx_word' id='word_1_180' title='bbox 1635 2554 1673 2618; x_wconf 89' lang='lat' dir='ltr'><strong>xl</strong></span> <span class='ocrx_word' id='word_1_181' title='bbox 1694 2553 1764 2633; x_wconf 83' lang='lat' dir='ltr'><strong>sol,</strong></span> <span class='ocrx_word' id='word_1_182' title='bbox 1786 2555 1839 2620; x_wconf 88' lang='lat' dir='ltr'><strong>vel</strong></span> 
     </span>
     <span class='ocr_line' id='line_1_19' title="bbox 487 2673 1840 2754; baseline 0.001 -15"><span class='ocrx_word' id='word_1_183' title='bbox 487 2684 622 2740; x_wconf 89' lang='lat' dir='ltr'><strong>centum</strong></span> <span class='ocrx_word' id='word_1_184' title='bbox 643 2673 705 2738; x_wconf 89' lang='lat' dir='ltr'><strong>sol.</strong></span> <span class='ocrx_word' id='word_1_185' title='bbox 724 2675 758 2738; x_wconf 95' lang='lat' dir='ltr'><strong>in</strong></span> <span class='ocrx_word' id='word_1_186' title='bbox 773 2696 838 2738; x_wconf 89' lang='lat' dir='ltr'><strong>una</strong></span> <span class='ocrx_word' id='word_1_187' title='bbox 853 2674 988 2738; x_wconf 86' lang='lat' dir='ltr'><strong>abbatia</strong></span> <span class='ocrx_word' id='word_1_188' title='bbox 999 2699 1007 2754; x_wconf 82' lang='lat'>3</span> <span class='ocrx_word' id='word_1_189' title='bbox 1031 2684 1066 2738; x_wconf 92' lang='lat' dir='ltr'><strong>et</strong></span> <span class='ocrx_word' id='word_1_190' title='bbox 1080 2673 1152 2739; x_wconf 90' lang='lat' dir='ltr'><strong>haec</strong></span> <span class='ocrx_word' id='word_1_191' title='bbox 1170 2683 1308 2739; x_wconf 89' lang='lat' dir='ltr'><strong>vocatur</strong></span> <span class='ocrx_word' id='word_1_192' title='bbox 1329 2674 1386 2739; x_wconf 87' lang='lat' dir='ltr'><strong>lex</strong></span> <span class='ocrx_word' id='word_1_193' title='bbox 1409 2677 1517 2754; x_wconf 87' lang='lat' dir='ltr'><strong>curiae,</strong></span> <span class='ocrx_word' id='word_1_194' title='bbox 1533 2697 1591 2741; x_wconf 89' lang='lat' dir='ltr'><strong>seu</strong></span> <span class='ocrx_word' id='word_1_195' title='bbox 1613 2676 1711 2742; x_wconf 91' lang='lat' dir='ltr'><strong>stilus</strong></span> <span class='ocrx_word' id='word_1_196' title='bbox 1733 2677 1840 2752; x_wconf 74' lang='lat' dir='ltr'><strong>curiae,</strong></span> 
     </span>
     <span class='ocr_line' id='line_1_20' title="bbox 485 2795 1800 2882; baseline 0.002 -24"><span class='ocrx_word' id='word_1_197' title='bbox 485 2815 589 2877; x_wconf 89' lang='lat' dir='ltr'><strong>quam</strong></span> <span class='ocrx_word' id='word_1_198' title='bbox 612 2795 767 2860; x_wconf 89' lang='lat' dir='ltr'><strong>dominus</strong></span> <span class='ocrx_word' id='word_1_199' title='bbox 789 2815 878 2879; x_wconf 89' lang='lat' dir='ltr'><strong>papa</strong></span> <span class='ocrx_word' id='word_1_200' title='bbox 897 2795 1036 2860; x_wconf 88' lang='lat' dir='ltr'><strong>saciliter</strong></span> <span class='ocrx_word' id='word_1_201' title='bbox 1058 2805 1168 2878; x_wconf 91' lang='lat' dir='ltr'><strong>potest</strong></span> <span class='ocrx_word' id='word_1_202' title='bbox 1191 2796 1314 2860; x_wconf 86' lang='lat' dir='ltr'><strong>tollere.</strong></span> <span class='ocrx_word' id='word_1_203' title='bbox 1797 2873 1800 2882; x_wconf 30' lang='grc' dir='ltr'>Ι</span> 
     </span>
    </p>

    <p class='ocr_par' dir='ltr' id='par_1_5' title="bbox 486 2914 1841 3971">
     <span class='ocr_line' id='line_1_21' title="bbox 576 2914 1841 2999; baseline 0.003 -19"><span class='ocrx_word' id='word_1_204' title='bbox 576 2914 667 2980; x_wconf 93' lang='lat' dir='ltr'><strong>Olim</strong></span> <span class='ocrx_word' id='word_1_205' title='bbox 697 2916 785 2979; x_wconf 90' lang='lat' dir='ltr'><strong>enim</strong></span> <span class='ocrx_word' id='word_1_206' title='bbox 816 2935 993 2980; x_wconf 90' lang='lat' dir='ltr'><strong>commune</strong></span> <span class='ocrx_word' id='word_1_207' title='bbox 1022 2917 1149 2980; x_wconf 90' lang='lat' dir='ltr'><strong>dictum</strong></span> <span class='ocrx_word' id='word_1_208' title='bbox 1179 2915 1242 2980; x_wconf 91' lang='lat' dir='ltr'><strong>iuit</strong></span> <span class='ocrx_word' id='word_1_209' title='bbox 1272 2917 1304 2979; x_wconf 91' lang='lat' dir='ltr'><strong>in</strong></span> <span class='ocrx_word' id='word_1_210' title='bbox 1334 2916 1442 2999; x_wconf 85' lang='lat' dir='ltr'><strong>vulgo,</strong></span> <span class='ocrx_word' id='word_1_211' title='bbox 1469 2927 1504 2982; x_wconf 92' lang='lat' dir='ltr'><strong>et</strong></span> <span class='ocrx_word' id='word_1_212' title='bbox 1537 2929 1587 2983; x_wconf 89' lang='lat' dir='ltr'><strong>est</strong></span> <span class='ocrx_word' id='word_1_213' title='bbox 1617 2919 1725 2983; x_wconf 90' lang='lat' dir='ltr'><strong>adhuc</strong></span> <span class='ocrx_word' id='word_1_214' title='bbox 1756 2921 1841 2984; x_wconf 89' lang='lat' dir='ltr'><strong>inter</strong></span> 
     </span>
     <span class='ocr_line' id='line_1_22' title="bbox 488 3037 1839 3122; baseline 0.004 -22"><span class='ocrx_word' id='word_1_215' title='bbox 488 3037 598 3122; x_wconf 90' lang='lat' dir='ltr'><strong>plures</strong></span> <span class='ocrx_word' id='word_1_216' title='bbox 620 3038 663 3101; x_wconf 91' lang='lat' dir='ltr'><strong>de</strong></span> <span class='ocrx_word' id='word_1_217' title='bbox 693 3037 802 3121; x_wconf 88' lang='lat' dir='ltr'><strong>vulg0,</strong></span> <span class='ocrx_word' id='word_1_218' title='bbox 823 3038 914 3121; x_wconf 92' lang='lat' dir='ltr'><strong>quod</strong></span> <span class='ocrx_word' id='word_1_219' title='bbox 945 3037 1100 3102; x_wconf 90' lang='lat' dir='ltr'><strong>dominus</strong></span> <span class='ocrx_word' id='word_1_220' title='bbox 1129 3058 1218 3120; x_wconf 91' lang='lat' dir='ltr'><strong>papa</strong></span> <span class='ocrx_word' id='word_1_221' title='bbox 1248 3039 1369 3102; x_wconf 88' lang='lat' dir='ltr'><strong>cotidie</strong></span> <span class='ocrx_word' id='word_1_222' title='bbox 1400 3039 1545 3122; x_wconf 91' lang='lat' dir='ltr'><strong>loquitur</strong></span> <span class='ocrx_word' id='word_1_223' title='bbox 1566 3060 1642 3103; x_wconf 85' lang='lat' dir='ltr'><strong>cunr</strong></span> <span class='ocrx_word' id='word_1_224' title='bbox 1675 3042 1758 3116; x_wconf 90' lang='lat' dir='ltr'><strong>Deo,</strong></span> <span class='ocrx_word' id='word_1_225' title='bbox 1782 3042 1839 3105; x_wconf 90' lang='lat' dir='ltr'><strong>tri·</strong></span> 
     </span>
     <span class='ocr_line' id='line_1_23' title="bbox 487 3159 1840 3244; baseline 0.002 -21"><span class='ocrx_word' id='word_1_226' title='bbox 487 3159 549 3224; x_wconf 89' lang='lat' dir='ltr'><strong>bus</strong></span> <span class='ocrx_word' id='word_1_227' title='bbox 570 3159 705 3234; x_wconf 91' lang='lat' dir='ltr'><strong>vicibus,</strong></span> <span class='ocrx_word' id='word_1_228' title='bbox 730 3170 768 3224; x_wconf 93' lang='lat' dir='ltr'><strong>ut</strong></span> <span class='ocrx_word' id='word_1_229' title='bbox 790 3161 873 3225; x_wconf 88' lang='lat' dir='ltr'><strong>sciat</strong></span> <span class='ocrx_word' id='word_1_230' title='bbox 902 3180 978 3244; x_wconf 84' lang='lat' dir='ltr'><strong>quae</strong></span> <span class='ocrx_word' id='word_1_231' title='bbox 1000 3160 1213 3224; x_wconf 90' lang='lat' dir='ltr'><strong>concedenda</strong></span> <span class='ocrx_word' id='word_1_232' title='bbox 1235 3169 1321 3238; x_wconf 91' lang='lat' dir='ltr'><strong>sunt,</strong></span> <span class='ocrx_word' id='word_1_233' title='bbox 1344 3170 1378 3224; x_wconf 92' lang='lat' dir='ltr'><strong>et</strong></span> <span class='ocrx_word' id='word_1_234' title='bbox 1405 3181 1480 3242; x_wconf 82' lang='lat' dir='ltr'><strong>quae</strong></span> <span class='ocrx_word' id='word_1_235' title='bbox 1502 3183 1578 3238; x_wconf 90' lang='lat' dir='ltr'><strong>non,</strong></span> <span class='ocrx_word' id='word_1_236' title='bbox 1602 3171 1636 3225; x_wconf 90' lang='lat' dir='ltr'><strong>et</strong></span> <span class='ocrx_word' id='word_1_237' title='bbox 1658 3180 1733 3244; x_wconf 86' lang='lat' dir='ltr'><strong>quae</strong></span> <span class='ocrx_word' id='word_1_238' title='bbox 1762 3183 1840 3226; x_wconf 90' lang='lat' dir='ltr'><strong>con·</strong></span> 
     </span>
     <span class='ocr_line' id='line_1_24' title="bbox 487 3280 1841 3365; baseline 0.002 -21"><span class='ocrx_word' id='word_1_239' title='bbox 487 3280 608 3359; x_wconf 91' lang='lat' dir='ltr'><strong>denda,</strong></span> <span class='ocrx_word' id='word_1_240' title='bbox 635 3291 669 3345; x_wconf 91' lang='lat' dir='ltr'><strong>et</strong></span> <span class='ocrx_word' id='word_1_241' title='bbox 695 3302 770 3364; x_wconf 81' lang='lat' dir='ltr'><strong>quae</strong></span> <span class='ocrx_word' id='word_1_242' title='bbox 796 3303 863 3346; x_wconf 89' lang='lat' dir='ltr'><strong>non</strong></span> <span class='ocrx_word' id='word_1_243' title='bbox 888 3291 966 3346; x_wconf 92' lang='lat' dir='ltr'><strong>sunt</strong></span> <span class='ocrx_word' id='word_1_244' title='bbox 992 3281 1174 3357; x_wconf 91' lang='lat' dir='ltr'><strong>condenda,</strong></span> <span class='ocrx_word' id='word_1_245' title='bbox 1197 3292 1231 3345; x_wconf 90' lang='lat' dir='ltr'><strong>et</strong></span> <span class='ocrx_word' id='word_1_246' title='bbox 1257 3290 1295 3345; x_wconf 90' lang='lat' dir='ltr'><strong>ut</strong></span> <span class='ocrx_word' id='word_1_247' title='bbox 1321 3291 1500 3364; x_wconf 87' lang='lat' dir='ltr'><strong>cognoscat</strong></span> <span class='ocrx_word' id='word_1_248' title='bbox 1525 3303 1599 3365; x_wconf 87' lang='lat' dir='ltr'><strong>quae</strong></span> <span class='ocrx_word' id='word_1_249' title='bbox 1626 3283 1716 3365; x_wconf 85' lang='lat' dir='ltr'><strong>leges</strong></span> <span class='ocrx_word' id='word_1_250' title='bbox 1742 3283 1841 3347; x_wconf 71' lang='lat' dir='ltr'><strong>editae</strong></span> 
     </span>
     <span class='ocr_line' id='line_1_25' title="bbox 488 3401 1841 3486; baseline -0.001 -19"><span class='ocrx_word' id='word_1_251' title='bbox 488 3423 548 3485; x_wconf 93' lang='lat' dir='ltr'><strong>per</strong></span> <span class='ocrx_word' id='word_1_252' title='bbox 572 3401 723 3467; x_wconf 90' lang='lat' dir='ltr'><strong>homines</strong></span> <span class='ocrx_word' id='word_1_253' title='bbox 749 3413 948 3468; x_wconf 85' lang='lat' dir='ltr'><strong>evacuantur</strong></span> <span class='ocrx_word' id='word_1_254' title='bbox 974 3411 1009 3468; x_wconf 92' lang='lat' dir='ltr'><strong>et</strong></span> <span class='ocrx_word' id='word_1_255' title='bbox 1035 3403 1258 3467; x_wconf 88' lang='lat' dir='ltr'><strong>destruantur.</strong></span> <span class='ocrx_word' id='word_1_256' title='bbox 1313 3403 1381 3467; x_wconf 91' lang='lat' dir='ltr'><strong>Sed</strong></span> <span class='ocrx_word' id='word_1_257' title='bbox 1408 3406 1559 3486; x_wconf 90' lang='lat' dir='ltr'><strong>quamvis</strong></span> <span class='ocrx_word' id='word_1_258' title='bbox 1584 3402 1656 3468; x_wconf 78' lang='lat' dir='ltr'><strong>haec</strong></span> <span class='ocrx_word' id='word_1_259' title='bbox 1682 3404 1744 3468; x_wconf 85' lang='lat' dir='ltr'><strong>luit</strong></span> <span class='ocrx_word' id='word_1_260' title='bbox 1772 3425 1841 3468; x_wconf 86' lang='lat' dir='ltr'><strong>cre-</strong></span> 
     </span>
     <span class='ocr_line' id='line_1_26' title="bbox 486 3524 1841 3608; baseline 0.001 -22"><span class='ocrx_word' id='word_1_261' title='bbox 486 3524 610 3588; x_wconf 87' lang='lat' dir='ltr'><strong>dulitas</strong></span> <span class='ocrx_word' id='word_1_262' title='bbox 630 3525 730 3608; x_wconf 85' lang='lat' dir='ltr'><strong>vulgi,</strong></span> <span class='ocrx_word' id='word_1_263' title='bbox 748 3547 807 3590; x_wconf 94' lang='lat' dir='ltr'><strong>nos</strong></span> <span class='ocrx_word' id='word_1_264' title='bbox 827 3536 900 3590; x_wconf 89' lang='lat' dir='ltr'><strong>tum</strong></span> <span class='ocrx_word' id='word_1_265' title='bbox 919 3547 1012 3589; x_wconf 91' lang='lat' dir='ltr'><strong>orare</strong></span> <span class='ocrx_word' id='word_1_266' title='bbox 1033 3525 1202 3599; x_wconf 92' lang='lat' dir='ltr'><strong>debemus,</strong></span> <span class='ocrx_word' id='word_1_267' title='bbox 1220 3535 1257 3587; x_wconf 93' lang='lat' dir='ltr'><strong>ut</strong></span> <span class='ocrx_word' id='word_1_268' title='bbox 1275 3545 1336 3607; x_wconf 92' lang='lat' dir='ltr'><strong>pro</strong></span> <span class='ocrx_word' id='word_1_269' title='bbox 1358 3526 1503 3607; x_wconf 88' lang='lat' dir='ltr'><strong>peccatis</strong></span> <span class='ocrx_word' id='word_1_270' title='bbox 1526 3525 1653 3600; x_wconf 89' lang='lat' dir='ltr'><strong>nostris,</strong></span> <span class='ocrx_word' id='word_1_271' title='bbox 1670 3525 1841 3608; x_wconf 86' lang='lat' dir='ltr'><strong>inspiratio</strong></span> 
     </span>
     <span class='ocr_line' id='line_1_27' title="bbox 487 3645 1841 3731; baseline -0.002 -20"><span class='ocrx_word' id='word_1_272' title='bbox 487 3646 633 3730; x_wconf 89' lang='lat' dir='ltr'><strong>Spiritus</strong></span> <span class='ocrx_word' id='word_1_273' title='bbox 656 3649 729 3727; x_wconf 92' lang='lat' dir='ltr'><strong>Dei,</strong></span> <span class='ocrx_word' id='word_1_274' title='bbox 745 3668 820 3731; x_wconf 81' lang='lat' dir='ltr'><strong>quae</strong></span> <span class='ocrx_word' id='word_1_275' title='bbox 841 3658 891 3712; x_wconf 92' lang='lat' dir='ltr'><strong>est</strong></span> <span class='ocrx_word' id='word_1_276' title='bbox 913 3647 1096 3712; x_wconf 89' lang='lat' dir='ltr'><strong>necessaria</strong></span> <span class='ocrx_word' id='word_1_277' title='bbox 1116 3667 1213 3730; x_wconf 82' lang='lat' dir='ltr'><strong>papae</strong></span> <span class='ocrx_word' id='word_1_278' title='bbox 1232 3666 1291 3728; x_wconf 94' lang='lat' dir='ltr'><strong>pro</strong></span> <span class='ocrx_word' id='word_1_279' title='bbox 1312 3645 1477 3724; x_wconf 88' lang='lat' dir='ltr'><strong>membris,</strong></span> <span class='ocrx_word' id='word_1_280' title='bbox 1493 3655 1527 3710; x_wconf 91' lang='lat' dir='ltr'><strong>et</strong></span> <span class='ocrx_word' id='word_1_281' title='bbox 1546 3645 1636 3708; x_wconf 87' lang='lat' dir='ltr'><strong>laesio</strong></span> <span class='ocrx_word' id='word_1_282' title='bbox 1657 3646 1702 3709; x_wconf 87' lang='lat' dir='ltr'><strong>ab</strong></span> <span class='ocrx_word' id='word_1_283' title='bbox 1722 3645 1841 3710; x_wconf 90' lang='lat' dir='ltr'><strong>eodem</strong></span> 
     </span>
     <span class='ocr_line' id='line_1_28' title="bbox 487 3764 1841 3850; baseline -0.001 -20"><span class='ocrx_word' id='word_1_284' title='bbox 487 3787 554 3830; x_wconf 92' lang='lat' dir='ltr'><strong>non</strong></span> <span class='ocrx_word' id='word_1_285' title='bbox 585 3766 778 3846; x_wconf 87' lang='lat' dir='ltr'><strong>retrahatur,</strong></span> <span class='ocrx_word' id='word_1_286' title='bbox 808 3776 894 3832; x_wconf 89' lang='lat' dir='ltr'><strong>teste</strong></span> <span class='ocrx_word' id='word_1_287' title='bbox 923 3770 1094 3850; x_wconf 89' lang='lat' dir='ltr'><strong>scriptura,</strong></span> <span class='ocrx_word' id='word_1_288' title='bbox 1120 3776 1258 3849; x_wconf 90' lang='lat' dir='ltr'><strong>propter</strong></span> <span class='ocrx_word' id='word_1_289' title='bbox 1286 3775 1424 3847; x_wconf 91' lang='lat' dir='ltr'><strong>peccata</strong></span> <span class='ocrx_word' id='word_1_290' title='bbox 1454 3765 1567 3848; x_wconf 91' lang='lat' dir='ltr'><strong>populi</strong></span> <span class='ocrx_word' id='word_1_291' title='bbox 1597 3785 1734 3846; x_wconf 87' lang='lat' dir='ltr'><strong>regnare</strong></span> <span class='ocrx_word' id='word_1_292' title='bbox 1763 3764 1841 3830; x_wconf 85' lang='lat' dir='ltr'><strong>iecit</strong></span> 
     </span>
     <span class='ocr_line' id='line_1_29' title="bbox 487 3887 1439 3971; baseline 0 -20"><span class='ocrx_word' id='word_1_293' title='bbox 487 3889 683 3971; x_wconf 86' lang='lat' dir='ltr'><strong>ypocritam,</strong></span> <span class='ocrx_word' id='word_1_294' title='bbox 707 3891 729 3952; x_wconf 91' lang='lat' dir='ltr'><strong>i.</strong></span> <span class='ocrx_word' id='word_1_295' title='bbox 745 3910 773 3954; x_wconf 86' lang='lat' dir='ltr'><strong>e.</strong></span> <span class='ocrx_word' id='word_1_296' title='bbox 796 3889 968 3971; x_wconf 86' lang='lat' dir='ltr'><strong>indignum</strong></span> <span class='ocrx_word' id='word_1_297' title='bbox 991 3897 1026 3952; x_wconf 90' lang='lat' dir='ltr'><strong>et</strong></span> <span class='ocrx_word' id='word_1_298' title='bbox 1048 3887 1173 3952; x_wconf 90' lang='lat' dir='ltr'><strong>malum</strong></span> <span class='ocrx_word' id='word_1_299' title='bbox 1196 3887 1439 3971; x_wconf 86' lang='lat' dir='ltr'><strong>praesidentem.</strong></span> 
     </span>
    </p>

    <p class='ocr_par' dir='ltr' id='par_1_6' title="bbox 487 4006 1843 4336">
     <span class='ocr_line' id='line_1_30' title="bbox 576 4006 1840 4092; baseline -0.002 -20"><span class='ocrx_word' id='word_1_300' title='bbox 576 4019 609 4086; x_wconf 82' lang='lat' dir='ltr'><strong>[p.</strong></span> <span class='ocrx_word' id='word_1_301' title='bbox 627 4019 678 4084; x_wconf 48' lang='grc' dir='ltr'><strong>ιφ]</strong></span> <span class='ocrx_word' id='word_1_302' title='bbox 721 4010 839 4092; x_wconf 90' lang='lat' dir='ltr'><strong>Nuper</strong></span> <span class='ocrx_word' id='word_1_303' title='bbox 861 4010 958 4088; x_wconf 90' lang='lat' dir='ltr'><strong>enim,</strong></span> <span class='ocrx_word' id='word_1_304' title='bbox 975 4009 1008 4074; x_wconf 94' lang='lat' dir='ltr'><strong>in</strong></span> <span class='ocrx_word' id='word_1_305' title='bbox 1028 4017 1179 4091; x_wconf 88' lang='lat' dir='ltr'><strong>ternpore</strong></span> <span class='ocrx_word' id='word_1_306' title='bbox 1199 4007 1334 4072; x_wconf 89' lang='lat' dir='ltr'><strong>Martini</strong></span> <span class='ocrx_word' id='word_1_307' title='bbox 1358 4007 1474 4090; x_wconf 89' lang='lat' dir='ltr'><strong>quinti,</strong></span> <span class='ocrx_word' id='word_1_308' title='bbox 1490 4027 1549 4071; x_wconf 91' lang='lat' dir='ltr'><strong>seu</strong></span> <span class='ocrx_word' id='word_1_309' title='bbox 1568 4006 1711 4090; x_wconf 86' lang='lat' dir='ltr'><strong>Eugenii</strong></span> <span class='ocrx_word' id='word_1_310' title='bbox 1734 4025 1840 4091; x_wconf 88' lang='lat' dir='ltr'><strong>papae,</strong></span> 
     </span>
     <span class='ocr_line' id='line_1_31' title="bbox 487 4127 1841 4214; baseline -0.001 -20"><span class='ocrx_word' id='word_1_311' title='bbox 487 4150 574 4196; x_wconf 87' lang='lat' dir='ltr'><strong>unus</strong></span> <span class='ocrx_word' id='word_1_312' title='bbox 596 4131 769 4214; x_wconf 87' lang='lat' dir='ltr'><strong>episcopus</strong></span> <span class='ocrx_word' id='word_1_313' title='bbox 791 4131 824 4194; x_wconf 93' lang='lat' dir='ltr'><strong>in</strong></span> <span class='ocrx_word' id='word_1_314' title='bbox 839 4129 966 4214; x_wconf 83' lang='lat' dir='ltr'><strong>Anglia</strong></span> <span class='ocrx_word' id='word_1_315' title='bbox 988 4128 1131 4194; x_wconf 91' lang='lat' dir='ltr'><strong>obtinuit</strong></span> <span class='ocrx_word' id='word_1_316' title='bbox 1149 4128 1275 4194; x_wconf 90' lang='lat' dir='ltr'><strong>bullam</strong></span> <span class='ocrx_word' id='word_1_317' title='bbox 1298 4149 1395 4212; x_wconf 86' lang='lat' dir='ltr'><strong>papae</strong></span> <span class='ocrx_word' id='word_1_318' title='bbox 1417 4137 1454 4192; x_wconf 89' lang='lat' dir='ltr'><strong>ut</strong></span> <span class='ocrx_word' id='word_1_319' title='bbox 1476 4128 1548 4213; x_wconf 89' lang='lat' dir='ltr'><strong>ipse</strong></span> <span class='ocrx_word' id='word_1_320' title='bbox 1568 4127 1706 4193; x_wconf 88' lang='lat' dir='ltr'><strong>haberet</strong></span> <span class='ocrx_word' id='word_1_321' title='bbox 1729 4147 1841 4192; x_wconf 89' lang='lat' dir='ltr'><strong>secum</strong></span> 
     </span>
     <span class='ocr_line' id='line_1_32' title="bbox 488 4248 1843 4336; baseline -0.001 -22"><span class='ocrx_word' id='word_1_322' title='bbox 488 4251 522 4315; x_wconf 91' lang='lat' dir='ltr'><strong>in</strong></span> <span class='ocrx_word' id='word_1_323' title='bbox 552 4273 629 4317; x_wconf 89' lang='lat' dir='ltr'><strong>suos</strong></span> <span class='ocrx_word' id='word_1_324' title='bbox 659 4251 856 4336; x_wconf 70' lang='lat' dir='ltr'><strong>capellanos</strong></span> <span class='ocrx_word' id='word_1_325' title='bbox 885 4273 1099 4336; x_wconf 92' lang='lat' dir='ltr'><strong>quoscunque</strong></span> <span class='ocrx_word' id='word_1_326' title='bbox 1128 4259 1261 4334; x_wconf 86' lang='lat' dir='ltr'><strong>optaret</strong></span> <span class='ocrx_word' id='word_1_327' title='bbox 1290 4252 1333 4316; x_wconf 92' lang='lat' dir='ltr'><strong>de</strong></span> <span class='ocrx_word' id='word_1_328' title='bbox 1368 4249 1537 4334; x_wconf 83' lang='lat' dir='ltr'><strong>religiosis,</strong></span> <span class='ocrx_word' id='word_1_329' title='bbox 1567 4249 1620 4314; x_wconf 92' lang='lat' dir='ltr'><strong>vel</strong></span> <span class='ocrx_word' id='word_1_330' title='bbox 1652 4248 1843 4324; x_wconf 89' lang='lat' dir='ltr'><strong>rectoribus,</strong></span> 
     </span>
    </p>
   </div>
   <div class='ocr_carea' id='block_1_3' title="bbox 0 0 2194 4936">
    <p class='ocr_par' dir='ltr' id='par_1_7' title="bbox 0 0 2194 4936">
     <span class='ocr_line' id='line_1_33' title="bbox 0 0 2194 4936; baseline 0 0"><span class='ocrx_word' id='word_1_331' title='bbox 0 0 2194 4936; x_wconf 95' lang='lat' dir='ltr'><strong> </strong></span> 
     </span>
    </p>
   </div>
  </div>
 </body>
</html>
