4378 4936
735 396 833 452 LOCI
860 397 889 451 E
918 397 1044 453 LIBRO
1079 397 1335 453 VERITATUM.
1658 411 1713 454 111

363 614 555 678 scandalum
582 609 693 688 venit,‘
724 613 743 674 i.
755 632 783 676 e.
806 633 857 675 vae
888 611 952 676 illi!
983 633 1043 695 per
1073 613 1165 696 cujus
1193 615 1332 677 verbum
1360 614 1485 678 malum
1509 615 1561 678 vel
1591 614 1715 680 sactum

363 733 488 797 malum
518 734 645 817 praebet
674 733 768 797 alteri
803 735 1011 797 occasionem
1042 735 1144 797 ruinae
1181 735 1214 798 in
1246 746 1429 817 peccatum,
1459 745 1493 799 et
1527 736 1561 798 in
1590 735 1715 798 malum

362 855 469 937 culpa
500 863 533 918 et
562 875 681 937 poenae.
728 853 829 919 Unde
862 854 981 918 beatus
1017 855 1136 919 doctor
1164 855 1352 936 Jeronimus
1387 877 1486 938 super
1515 856 1715 932 Mattheum,

362 975 446 1038 libro
469 975 506 1058 ij⁰
524 996 658 1039 suorum
675 974 1006 1053 Commentariorum,
1022 975 1086 1039 isto
1105 975 1207 1039 modo
1222 985 1373 1051 testatur,
1390 977 1511 1055 dicens,
1527 975 1607 1040 ‘Ille
1622 997 1716 1041 scan-

363 1095 486 1160 dalizat
503 1095 683 1171 hominem,
704 1095 761 1178 qui
783 1095 873 1158 dicto
893 1095 981 1159 malo
1001 1095 1054 1159 vel
1074 1095 1162 1160 facto
1182 1097 1391 1162 occasionem
1410 1098 1512 1160 ruinae
1535 1097 1716 1180 cuicunque

363 1217 430 1292 dat,
454 1217 510 1299 qui
535 1218 624 1280 enim
648 1215 773 1279 bonum
797 1214 911 1279 iecerit
933 1217 986 1279 vel
1008 1227 1097 1281 recte
1117 1218 1248 1292 dixerit,
1264 1218 1291 1280 si
1315 1217 1434 1301 aliquis
1453 1218 1517 1283 hoc
1533 1219 1649 1282 videns
1672 1239 1716 1282 ex

363 1357 516 1418 perverso
543 1336 710 1400 intellectu
738 1357 797 1399 seu
826 1337 946 1400 affectu
975 1337 1073 1412 malo,
1101 1337 1225 1400 malum
1253 1359 1296 1401 ex
1325 1339 1497 1402 occasione
1527 1338 1613 1402 illius
1637 1340 1715 1403 boni

364 1466 458 1521 actus
480 1457 601 1536 lecerit,
624 1465 703 1521 tunc
729 1458 837 1540 ipsum
861 1477 927 1519 non
952 1457 1155 1521 scandalizat
1177 1459 1293 1536 active,
1315 1459 1374 1522 sed
1399 1458 1482 1521 alius
1505 1459 1568 1523 hoc
1591 1461 1716 1523 bonum

363 1579 496 1659 capiens
522 1577 765 1642 scandalizatur
789 1577 939 1659 passive,’
962 1586 999 1641 ut
1028 1586 1170 1644 testatur
1193 1578 1336 1642 Sanctus
1363 1579 1550 1643 Bernardus
1577 1581 1610 1644 in
1635 1580 1715 1663 Epi-

363 1697 449 1761 stola
472 1719 532 1760 sua
549 1698 592 1761 ad
617 1697 771 1762 abbatem
795 1696 911 1762 Sancti
931 1697 1073 1761 Dionisii
1098 1700 1131 1762 in
1156 1698 1313 1776 Francia;
1340 1700 1425 1764 sicut
1443 1700 1599 1763 Pharisaei
1622 1721 1716 1764 scan-

363 1817 499 1882 dalizati
528 1827 614 1894 sunt,
645 1819 666 1881 i.
683 1839 711 1883 e.
739 1818 820 1881 moti
851 1827 928 1881 sunt
954 1819 998 1882 ad
1028 1818 1163 1896 malum,
1188 1819 1303 1882 audito
1332 1819 1433 1882 verbo
1460 1820 1529 1896 Xti,
1563 1831 1598 1885 et
1628 1821 1717 1885 Xtus

364 1937 451 2002 dixit
470 1937 639 2020 discipulis
658 1939 735 2012 suis,
752 1937 877 2002 ‘Sinite
897 1935 973 2016 eos,’
996 1958 1041 2001 sc.
1056 1938 1270 2003 scandalizari
1293 1960 1337 2002 ex
1360 1940 1449 2002 bono
1471 1949 1547 2004 actu
1572 1942 1645 2018 mei,
1664 1942 1716 2005 vel

363 2058 511 2136 aliorum,
535 2059 612 2141 quia
634 2059 749 2141 pocius
773 2059 920 2141 permitti
946 2059 1048 2123 debet
1070 2059 1263 2124 scandalum
1290 2060 1374 2138 oriri,
1398 2081 1499 2142 quam
1526 2062 1716 2142 permittere

364 2188 401 2242 ut
421 2180 542 2243 veritas
565 2179 775 2262 relinquatur,
800 2189 838 2243 ut
860 2188 1001 2243 testatur
1024 2178 1167 2244 Sanctus
1190 2179 1368 2263 Gregorius
1394 2201 1481 2263 papa
1507 2202 1606 2264 super
1630 2182 1716 2246 Eze-

364 2298 515 2364 chielem.
561 2300 662 2364 Unde
690 2301 738 2364 sic
766 2299 859 2382 argui
893 2309 1004 2382 potest
1041 2309 1156 2364 contra
1190 2301 1467 2383 approprietarios
1496 2301 1716 2379 ecclesiarum,

364 2419 472 2484 facore
501 2441 567 2483 non
598 2421 748 2485 debitum
779 2429 813 2484 et
842 2421 996 2485 omittere
1024 2430 1136 2484 actum
1160 2421 1285 2484 bonum
1315 2421 1476 2499 debitum,
1497 2431 1548 2486 est
1578 2423 1717 2486 mortale

364 2551 548 2623 peccatum,
573 2550 610 2604 ut
636 2551 729 2624 patet
756 2540 789 2603 in
815 2540 999 2623 Evangelio
1023 2535 1172 2605 'Matthei
1203 2543 1367 2606 deservo
1393 2562 1537 2624 nequam
1564 2543 1620 2624 qui
1651 2561 1717 2606 non

364 2662 457 2726 dedit
480 2663 653 2745 pecuniam
673 2665 715 2727 ad
741 2683 899 2741 mensam,
922 2672 955 2727 et
980 2663 1123 2726 Matthei
1140 2670 1204 2746 25⁰,
1227 2665 1305 2746 quia
1331 2683 1397 2726 non
1421 2662 1568 2727 lecemnt
1591 2665 1716 2727 bonum

364 2783 440 2847 ideo
465 2784 636 2866 dampnati
660 2793 744 2862 sunt,
769 2783 828 2848 sed
852 2804 911 2866 per
934 2782 1036 2848 talem
1059 2785 1365 2866 appropriacionem
1389 2783 1599 2848 ecclesiamm
1623 2785 1718 2867 plura

365 2903 461 2982 bona,
485 2905 599 2968 debita
628 2905 697 2969 fieri
728 2906 762 2968 in
792 2914 918 2969 rectore
948 2915 983 2969 et
1011 2905 1044 2968 in
1071 2905 1286 2988 parochianis
1310 2905 1517 2979 omittuntur,
1543 2915 1577 2969 et
1606 2905 1717 2987 plures

364 3025 486 3088 animae
512 3046 556 3089 ex
585 3026 644 3091 tali
667 3027 846 3090 omissione
871 3027 1102 3108 dampnantur,
1128 3047 1207 3108 ergo
1231 3025 1458 3108 appropriacio
1488 3025 1563 3088 talis
1593 3036 1644 3089 est
1669 3027 1717 3088 vi-

364 3147 476 3224 tanda,
491 3157 529 3211 ut
551 3148 781 3229 dampnabilis,
798 3168 843 3210 ex
864 3167 930 3229 qua
950 3147 1030 3210 talia
1052 3155 1217 3210 secuntur.
1263 3146 1359 3220 Item,
1377 3167 1420 3209 ex
1443 3145 1565 3208 talibus
1587 3145 1717 3208 omissis

365 3266 462 3329 bonis
485 3266 606 3349 pluries
633 3269 796 3350 contingit
819 3267 925 3331 multo
948 3268 1058 3350 plures
1080 3268 1113 3330 in
1135 3265 1299 3349 parochiis
1321 3266 1493 3348 dampnari
1516 3286 1617 3347 quam
1640 3276 1716 3329 sunt

366 3387 400 3449 in
430 3390 638 3454 monasteriis
668 3389 782 3454 nutriti
811 3410 871 3472 per
904 3388 988 3452 tales
1018 3388 1315 3472 appropriaciones.
1359 3386 1497 3450 Talibus
1526 3388 1716 3470 appropria-

365 3508 515 3573 cionibus
539 3531 629 3593 saepe
655 3511 744 3574 bona
770 3509 953 3592 spiritualia
977 3509 1009 3572 in
1037 3508 1100 3572 illis
1130 3529 1196 3573 non
1222 3517 1488 3590 augmentantur,
1514 3507 1572 3570 sed
1603 3507 1716 3589 pocius

366 3641 560 3695 ornamenta
589 3631 762 3714 superflua,
785 3631 837 3694 vel
867 3651 933 3693 non
966 3629 1155 3708 necessaria,
1179 3629 1232 3692 vel
1265 3627 1387 3693 fercula
1416 3627 1540 3710 gulosa,
1566 3635 1600 3690 et
1630 3629 1716 3691 inso-
1777 3637 1781 3644 '

365 3751 481 3815 lenciae
506 3753 645 3830 viciosae,
670 3762 704 3816 et
734 3751 909 3816 destructis
938 3749 1262 3834 appropriacionibus
1284 3769 1383 3813 causa
1409 3747 1525 3811 talium
1554 3747 1716 3811 malorum

366 3871 401 3934 in
424 3872 571 3955 pluribus
600 3871 679 3935 locis
709 3882 795 3936 esset
825 3872 1002 3936 destructa.
1048 3871 1145 3948 Item,
1171 3870 1255 3933 tales
1281 3869 1400 3950 quibus
1427 3867 1464 3931 fit
1489 3868 1717 3950 appropriacio

366 3992 577 4056 ecclesiamm
600 4002 696 4056 orant
714 4012 774 4074 pro
795 3992 857 4056 illis
877 4012 1018 4075 quorum
1036 3991 1174 4055 decimae
1194 3999 1228 4055 et
1248 3989 1436 4053 oblaciones
1455 3989 1717 4070 appropriantur,

367 4114 425 4176 sed
456 4112 562 4196 qualis
591 4113 726 4190 utilitas,
757 4133 833 4176 cum
863 4113 924 4194 ipsi
953 4112 1070 4194 viginti
1100 4111 1152 4175 vel
1181 4111 1315 4194 triginta
1348 4109 1488 4191 religiosi
1518 4107 1570 4172 vel
1604 4108 1717 4173 cathe-

367 4231 475 4297 drales
504 4242 609 4311 orant,
632 4243 666 4298 et
695 4234 829 4298 ducenti
854 4234 906 4298 vel
932 4233 1085 4298 trescenti
1117 4230 1303 4314 parochiani
1334 4229 1480 4312 ipsomm
1503 4229 1600 4294 valde
1631 4229 1718 4293 male
