4378 4936
735 411 832 464 roc!
859 412 887 463 a
916 411 1040 464 rinno
1075 409 1335 465 vanrrsrrvrr.
1654 407 1712 479 ¹37

361 630 416 712 qui
448 628 568 692 mortui
599 627 731 691 fuerunt
761 648 804 690 ex
835 627 1074 710 putrefactione
1106 628 1329 691 membrorum
1353 647 1487 691 suorum
1517 619 1713 707 genitalium

361 760 395 814 et
417 749 561 832 corporis
583 749 642 825 sui,
664 769 739 830 quae
765 749 930 830 corruptio
953 759 987 811 et
1014 750 1219 830 putrefacti0,
1243 758 1279 812 ut
1302 749 1364 832 ipsi
1388 749 1555 820 dixerunt,
1578 747 1715 806 causata

359 869 420 933 fuit
451 891 510 954 per
538 869 722 933 exercitum
753 868 880 950 copulae
913 869 1052 933 carnalis
1083 891 1158 933 cum
1190 870 1391 933 mulieribus.
1437 868 1582 949 Magnus
1613 862 1714 926 etiam

360 992 432 1055 dux
460 991 493 1054 in
519 989 652 1072 Anglia,
683 989 807 1052 scilicet
837 988 866 1069 J.
893 990 936 1054 de
965 989 1093 1066 Gawnt,
1126 1000 1275 1054 mortuus
1306 1001 1356 1054 est
1387 1010 1430 1052 ex
1461 987 1518 1052 tali
1549 982 1714 1069 putrefac-

361 1113 452 1176 tione
472 1111 695 1174 membrorum
718 1109 913 1192 genitalium
937 1121 971 1175 et
993 1113 1138 1193 corporis
1161 1113 1219 1188 sui,
1236 1121 1371 1176 causata
1395 1131 1454 1194 per
1478 1103 1716 1189 frequentatio·

362 1253 438 1295 nem
462 1232 646 1295 mulierum.
692 1230 836 1313 Magnus
860 1231 947 1294 enim
971 1231 1149 1295 fornicator
1169 1231 1240 1307 fuit,
1258 1244 1293 1297 ut
1315 1233 1348 1294 in
1369 1241 1441 1294 toto
1463 1247 1563 1310 regno
1579 1223 1714 1307 Angliae

361 1352 599 1434 divulgabatur,
616 1360 649 1414 et
667 1359 744 1413 ante
764 1361 904 1415 mortem
925 1373 1027 1430 suam,
1040 1350 1156 1432 jacens
1175 1353 1221 1416 sic
1240 1351 1388 1415 infirmus
1407 1353 1440 1414 in
1459 1349 1557 1423 lecto,
1573 1345 1714 1409 eandem

361 1472 635 1556 putrefactionem
662 1471 729 1554 regi
754 1469 888 1553 Angliae
909 1472 1053 1536 Ricardo
1074 1472 1110 1554 ij0
1137 1472 1292 1548 ostendit,
1314 1493 1389 1536 cum
1411 1472 1499 1534 idem
1522 1489 1583 1532 rex
1607 1467 1714 1548 ipsum

361 1595 480 1657 ducem
503 1593 536 1656 in
558 1614 616 1655 sua
641 1592 833 1656 infirmitate
853 1593 1018 1671 visitavit;
1046 1603 1079 1657 et
1100 1594 1186 1657 dixit
1210 1593 1320 1669 michi,
1343 1592 1399 1674 qui
1422 1592 1484 1655 ista
1508 1588 1609 1666 novit,
1631 1605 1715 1648 unus

361 1713 468 1777 fidelis
498 1713 675 1794 theologia:
708 1712 925 1777 bachillarius.
978 1712 1166 1777 Willelmus
1204 1715 1292 1777 enim
1330 1713 1455 1794 Longe,
1491 1711 1539 1773 vir
1576 1716 1715 1770 maturae

360 1835 470 1898 aetatis
493 1843 526 1897 et
548 1835 705 1909 decentis
733 1833 916 1898 Londoniis
940 1845 1087 1898 mortuus
1111 1844 1161 1898 est
1192 1855 1235 1897 ex
1263 1833 1321 1897 tali
1348 1831 1586 1915 putrefactione
1610 1846 1715 1889 mem·

361 1956 494 2018 brorum
521 1974 654 2016 suorum
677 1955 871 2036 genitalium
899 1964 933 2019 et
958 1955 1103 2038 corporis
1133 1955 1193 2030 sui,
1217 1965 1353 2018 causata
1379 1972 1438 2036 per
1463 1949 1618 2031 copulam
1645 1965 1715 2010 car-

362 2074 472 2138 nalem
497 2095 572 2138 cum
600 2074 797 2153 mulieribus,
820 2085 857 2138 ut
884 2074 1023 2158 ipsemet
1054 2075 1176 2156 pluries
1203 2074 1372 2138 confessus
1398 2073 1441 2136 sit
1467 2080 1545 2134 ante
1572 2077 1713 2131 mortem

362 2214 456 2258 suam
480 2195 614 2277 quando
645 2215 744 2258 manu
775 2216 835 2258 sua
864 2197 996 2278 propria
1027 2195 1244 2259 elimosinarie
1274 2195 1450 2272 distribuit,
1477 2202 1515 2256 ut
1546 2211 1608 2273 ego
1639 2187 1714 2251 novi

362 2336 449 2380 anno
473 2315 608 2379 Domini
632 2316 807 2380 millesimo
830 2324 941 2380 cccc³¹⁰
962 2324 1085 2380 xxxm0.

362 2579 453 2622 erem
472 2578 547 2640 quae
568 2558 629 2621 fuit
650 2560 771 2640 saepius
793 2558 966 2622 carnaliter
986 2560 1117 2640 cognita
1134 2570 1167 2623 et
1187 2559 1369 2623 voluntarie
1389 2579 1409 2620 a
1425 2558 1493 2620 viro
1515 2553 1715 2634 voluptuoso

363 2679 435 2753 sibi,
453 2688 486 2741 et
510 2687 623 2741 tamen
647 2679 679 2740 in
701 2679 843 2742 crastino
860 2678 1080 2757 Pentecostes
1096 2689 1170 2761 post
1185 2681 1393 2762 voluptatem
1415 2697 1510 2740 suam
1533 2672 1714 2756 impletam,

363 2799 480 2863 eadem
517 2799 641 2877 mulier,
673 2801 742 2862 viro
780 2801 973 2874 dormiente,
1006 2800 1038 2862 in
1073 2801 1219 2882 quinque
1251 2801 1332 2864 locis
1369 2797 1551 2862 vulneravit
1588 2794 1714 2873 virgam

363 2919 512 3000 ejusdem
538 2920 596 2982 viri
622 2941 696 2983 cum
724 2920 867 2998 cultello,
899 2922 945 2984 ita
973 2922 1063 3002 quod
1091 2932 1206 3003 postea
1234 2921 1326 2984 urina
1356 2921 1458 2983 exivit
1490 2919 1521 2980 in
1548 2915 1715 2997 superiore

362 3051 457 3122 parte
472 3041 572 3122 virgas
593 3042 638 3103 sic
659 3041 827 3118 abscissae3
850 3050 883 3104 et
901 3052 1015 3104 tamen
1032 3043 1119 3104 idem
1135 3044 1192 3118 vir,
1208 3043 1298 3124 gravi
1317 3061 1434 3104 somno
1455 3050 1533 3102 tunc
1548 3037 1713 3106 detentus,

362 3159 452 3222 illam
484 3161 675 3223 scissionem
706 3182 771 3223 non
801 3163 959 3244 percepit,
990 3183 1162 3244 quousque
1191 3183 1251 3244 per
1280 3173 1405 3225 certam
1440 3178 1566 3222 moram
1599 3153 1715 3218 ambu-

362 3281 464 3345 lasset
494 3290 671 3363 postquam
694 3281 851 3363 vigilavit,
880 3291 952 3346 toto
986 3283 1074 3345 enim
1105 3293 1255 3364 tempore
1285 3282 1371 3344 illius
1396 3278 1560 3343 scissionis
1593 3273 1716 3337 somni—

362 3402 438 3480 avit,
471 3411 504 3466 et
535 3422 636 3484 parvo
666 3412 817 3485 tempore
849 3413 966 3485 postea
995 3413 1177 3485 antequam
1208 3403 1298 3466 illam
1328 3401 1517 3466 scissionem
1547 3394 1715 3478 vigilando

362 3523 530 3605 percepit;
564 3543 626 3587 nec
651 3522 853 3606 impossibile
884 3522 954 3598 fuit,
982 3523 1072 3606 quod
1098 3524 1145 3586 sic
1172 3523 1334 3586 dormivit.
1389 3520 1476 3584 Novi
1504 3518 1591 3582 enim
1619 3514 1715 3577 muli·

363 3664 453 3706 erem
478 3644 706 3722 dormientem,
735 3645 868 3708 nomine
897 3643 1085 3719 Isabellam,
1113 3655 1146 3708 et
1174 3646 1280 3726 ipsam
1310 3643 1531 3707 dormientem
1558 3637 1716 3719 magister

362 3764 482 3827 domus
502 3767 614 3844 traxit,
637 3776 670 3830 et
693 3767 832 3842 vocavit,
856 3777 889 3830 et
912 3765 1070 3848 palpavit,
1095 3774 1129 3828 et
1152 3786 1251 3828 manu
1274 3786 1333 3828 sua
1357 3765 1462 3828 crines
1484 3759 1659 3830 avellebat,
1683 3765 1716 3818 et

363 3893 477 3948 tamen
499 3906 559 3950 nec
580 3897 658 3950 tunc
680 3907 740 3950 nec
761 3897 878 3970 postea
901 3907 960 3970 per
978 3887 1060 3950 duas
1081 3885 1178 3951 horas
1196 3885 1374 3967 vigilabat3
1398 3884 1473 3947 novi
1495 3882 1594 3945 etiam
1615 3877 1715 3940 aliam

363 4027 423 4088 per
448 4006 532 4069 duos
562 4008 634 4070 dies
659 4008 889 4083 dormientem,
916 4017 949 4071 et
978 4007 1149 4070 verberata
1176 4027 1242 4070 non
1268 4005 1437 4088 vigilabat,
1462 4004 1521 4067 sed
1549 3999 1716 4065 dormiens

364 4127 546 4209 permansit
569 4137 641 4192 toto
664 4138 813 4212 tempore
834 4128 1070 4192 verberationis
1094 4137 1127 4192 et
1150 4127 1390 4209 flagellationis.

452 4256 492 4323 [p.
508 4257 561 4322 ss]
607 4248 709 4314 Unde
731 4249 815 4314 tales
838 4249 1003 4314 libidinosi
1026 4248 1149 4331 pluries
1173 4249 1297 4313 habent
1320 4265 1456 4330 poenam
1482 4245 1516 4308 in
1540 4242 1657 4308 eadem
1682 4261 1716 4304 re

1028 4366 1051 4414 Τ
