4378 4936
490 393 549 442 102
862 379 961 434 LOCI
987 379 1017 432 E
1044 378 1170 433 LIBRO
1205 377 1463 434 VERITAYUM.

489 601 589 664 modo
610 599 835 664 consideratur
858 595 946 660 racio
968 604 1005 658 ut
1027 594 1232 676 subsequens
1254 592 1364 668 fidem,
1389 593 1524 675 quando
1543 594 1590 658 sic
1613 593 1714 668 homo
1734 595 1838 659 credit

487 718 617 783 veritati
640 727 784 782 ostensae
806 715 869 780 sibi
892 735 952 798 per
975 713 1139 778 sufficiens
1160 713 1386 778 testimonium
1408 713 1482 792 Dei,
1500 714 1670 798 scripturae
1690 713 1770 796 ejus,
1785 713 1838 779 vel

487 847 675 904 sanctorum
702 836 782 918 ejus,
809 847 842 900 et
868 845 981 900 tamen
1008 843 1085 918 post
1112 833 1213 898 fidem
1240 835 1286 898 sic
1312 832 1461 898 habitam
1484 835 1602 916 quaerit
1629 835 1775 900 raciones
1805 845 1839 900 et

488 960 674 1044 evidencias
703 958 746 1022 ad
777 955 1023 1022 defendendum
1053 954 1144 1018 illam
1173 954 1356 1028 veritatem,
1384 963 1418 1018 et
1448 953 1492 1018 ad
1521 953 1718 1020 solvendum
1751 957 1840 1022 dicta

488 1104 545 1146 seu
588 1088 783 1164 argumenta
826 1097 1038 1161 paganorum,
1075 1075 1280 1157 Judaeorum,
1325 1085 1359 1140 et
1403 1075 1634 1140 haereticorum
1678 1077 1839 1141 malorum

489 1202 697 1280 Xtianorum,
726 1221 801 1283 quae
832 1198 955 1264 faciunt
989 1219 1046 1262 seu
1081 1179 1220 1281 possunt
1256 1195 1364 1262 lacere
1397 1207 1511 1262 contra
1544 1197 1635 1262 illam
1665 1199 1839 1263 veritatem

489 1321 588 1400 fidei;
619 1321 721 1386 etsie
746 1341 893 1402 quaerere
916 1319 1062 1383 raciones
1084 1327 1160 1401 post
1183 1318 1284 1384 fidem
1305 1317 1454 1382 habitam
1478 1329 1529 1383 est
1551 1320 1675 1384 bonurn
1699 1329 1733 1384 et
1756 1319 1840 1383 mul·

489 1446 617 1508 tociens
639 1442 854 1506 meritorium.
1728 1525 1731 1531 Ι

485 1631 486 1634 ¹
576 1573 615 1639 [p.
637 1571 707 1639 504·l
753 1561 918 1626 ‘Gloriam
953 1580 1062 1624 meam
1092 1559 1186 1623 alteri
1218 1580 1283 1624 non
1310 1555 1418 1635 dabo,’
1445 1581 1489 1624 sc.
1517 1570 1553 1625 ut
1579 1560 1680 1624 homo
1710 1562 1753 1625 de
1782 1582 1841 1624 sua

490 1695 608 1750 natura
637 1692 815 1767 cognoscat
845 1681 955 1746 lutura
984 1680 1214 1764 contingencia
1244 1691 1278 1746 et
1313 1680 1443 1745 occulta
1472 1680 1515 1744 ab
1545 1681 1688 1746 hominis
1720 1681 1841 1745 noticia

490 1804 630 1870 naturali
642 1831 651 1884 ;
683 1825 742 1868 nec
772 1803 868 1868 alteri
894 1804 955 1867 das
984 1802 1123 1882 gloriam
1155 1811 1256 1880 tuam,
1283 1801 1481 1882 potenciam,
1503 1821 1550 1866 sc:
1575 1801 1714 1867 faciendi
1745 1803 1841 1866 mira·

489 1925 572 2000 cula,
596 1926 658 1991 nisi
683 1925 820 2006 quando
844 1925 893 1986 vis
921 1932 954 1987 et
981 1923 1032 1986 cui
1056 1921 1114 1998 vis,
1139 1921 1172 1984 in
1200 1922 1423 1986 ostensionem
1447 1921 1524 1986 fidei
1550 1923 1696 1987 veritatis
1723 1943 1781 2005 per
1808 1931 1842 1986 te

489 2048 621 2112 traditae
633 2069 642 2126 ;
667 2048 725 2111 sed
747 2056 784 2110 ut
805 2045 883 2108 mali
904 2053 939 2108 et
960 2044 1101 2127 perversi
1123 2041 1269 2108 habeant
1292 2051 1493 2124 potestatem
1513 2042 1654 2106 faciendi
1675 2043 1840 2118 miracula,

491 2168 524 2231 in
550 2167 776 2234 testimonium
802 2165 1003 2230 contrarium
1029 2184 1116 2228 verae
1145 2162 1221 2227 fidei
1252 2163 1434 2240 catholicae,
1460 2162 1523 2227 hoc
1553 2163 1633 2227 nulli
1659 2173 1759 2228 sectae
1785 2165 1842 2226 de·

490 2288 576 2366 disti,
603 2295 639 2355 ut
669 2288 754 2352 bene
782 2286 929 2352 declarat
956 2284 1121 2348 Dominus
1147 2282 1355 2348 Armacanus
1384 2283 1649 2366 archiepiscopus
1681 2284 1849 2348 Ricardus*

491 2408 577 2472 filius
600 2407 771 2490 Radulphi
795 2407 837 2470 de
860 2405 1100 2488 quaestionibus
1122 2403 1357 2468 Armenorum.

578 2539 614 2604 [p.
632 2537 701 2604 511.]
746 2526 870 2592 Audivi
892 2527 979 2590 enim
1000 2526 1165 2608 quendam
1190 2525 1256 2588 fide
1276 2526 1413 2606 dignum
1434 2524 1599 2588 dicentem
1622 2545 1658 2588 se
1680 2525 1843 2589 audivisse

492 2651 577 2712 inter
593 2648 740 2712 Gentiles
761 2658 794 2710 et
817 2647 999 2712 Saracenos
1019 2657 1087 2709 tres
1111 2666 1227 2709 causas
1245 2666 1348 2726 quare
1371 2645 1485 2708 nolunt
1508 2647 1653 2709 converti
1676 2647 1719 2710 ad
1742 2646 1843 2710 fidem

492 2769 525 2832 in
542 2769 612 2833 Xto
628 2769 715 2850 Jesu.
754 2769 833 2833 Una
848 2776 898 2832 est
913 2767 1087 2832 diversitas
1102 2776 1135 2830 et
1151 2766 1369 2830 contradiccio
1385 2766 1576 2848 opinionum
1592 2767 1676 2830 inter
1691 2766 1844 2844 Xtianos,

492 2889 526 2952 in
552 2890 689 2952 diversis
715 2889 814 2954 sectis
837 2899 870 2952 et
893 2889 927 2951 in
950 2888 1086 2952 diversis
1114 2887 1269 2950 materiis.
1314 2885 1394 2950 Alia
1420 2906 1517 2950 causa
1543 2896 1602 2962 est,
1630 2887 1707 2968 quia
1730 2886 1844 2950 dicunt

494 3009 650 3074 Saraceni
671 3012 759 3092 quod
781 3009 954 3074 manifeste
975 3017 1069 3089 patet
1094 3007 1141 3070 eis
1164 3007 1197 3070 in
1216 3006 1349 3070 Xtianis
1368 3005 1559 3070 habundare
1579 3027 1680 3089 opera
1701 3007 1845 3090 pessima

493 3141 607 3196 contra
634 3131 733 3195 fidem
758 3151 858 3213 quarn
886 3129 1001 3193 Xtiani
1019 3129 1217 3211 pradicant,
1243 3137 1277 3190 et
1306 3126 1352 3190 sic
1378 3126 1479 3190 fidem
1505 3127 1606 3190 verbo
1632 3128 1844 3193 testificatam

492 3251 589 3316 factis
611 3253 678 3316 suis
701 3253 908 3334 impugnant,
923 3261 957 3316 et
978 3251 1153 3314 destruunt
1175 3249 1208 3312 in
1230 3248 1354 3330 seipsis,
1369 3257 1403 3312 et
1425 3248 1470 3311 sic
1493 3269 1553 3330 per
1575 3248 1717 3312 Xtianos
1740 3249 1845 3314 malos

494 3393 615 3438 nomen
645 3383 679 3437 et
710 3373 792 3436 fides
821 3373 880 3436 Xti
911 3369 1163 3454 blasphematur
1193 3369 1225 3432 in
1253 3369 1418 3451 gentibus,
1443 3369 1499 3433 ie.
1525 3369 1610 3433 inter
1634 3369 1785 3434 Gentiles
1811 3382 1846 3437 et

494 3493 685 3570 Saracenos,
708 3495 765 3576 qui
792 3494 915 3570 dicunt,
943 3494 970 3555 si
1003 3493 1095 3556 Deus
1122 3489 1321 3554 Xtianorum
1347 3510 1442 3554 verus
1472 3499 1506 3554 et
1531 3489 1643 3573 justus
1668 3503 1764 3568 esset,
1788 3513 1845 3556 eos

492 3617 635 3698 graviter
664 3615 794 3697 puniret
824 3635 885 3696 pro
915 3634 1027 3677 eorum
1058 3611 1240 3678 manifestis
1267 3611 1452 3693 nequicciis.
1500 3611 1587 3675 Item
1620 3614 1722 3676 tercia
1746 3634 1846 3677 causa

494 3746 572 3810 erat,
589 3736 674 3818 quia,
691 3746 728 3800 ut
746 3736 861 3800 dicunt
882 3734 1048 3812 Saraceni,
1071 3733 1185 3797 Xtiani
1208 3734 1341 3815 pessimi
1362 3732 1553 3797 etiallaces
1574 3744 1650 3798 sunt
1674 3743 1707 3797 ct
1730 3734 1845 3813 dolosi,

494 3868 531 3922 ut
558 3865 651 3940 patet
678 3858 724 3920 eis
751 3855 925 3920 manifeste
952 3855 985 3918 in
1009 3854 1156 3930 Venetis,
1181 3863 1215 3918 et
1241 3854 1274 3917 in
1300 3853 1373 3918 aliis
1400 3853 1533 3918 Xtianis
1559 3855 1605 3918 eis
1630 3855 1744 3918 vicinis
1770 3875 1845 3920 cum

493 3977 613 4059 quibus
643 3976 841 4041 contrahunt
877 3985 911 4040 et
940 3975 1028 4041 sacta
1058 3975 1193 4055 iaciunt,
1224 3985 1257 4040 et
1290 3976 1479 4040 consimiles
1513 3976 1560 4040 eis
1585 3975 1735 4058 judicant
1763 3976 1847 4040 alios

497 4098 639 4162 Xtianos
661 4097 739 4162 iore.

493 4267 501 4278 ·
582 4227 621 4293 ln·
640 4225 711 4295 5¹9]
758 4218 842 4287 Haec
866 4219 1020 4284 dominus
1048 4217 1287 4282 Lincolniensis
1315 4219 1347 4282 in
1372 4218 1593 4300 Exposicione
1620 4238 1679 4281 sua
1706 4217 1844 4300 propria,
1903 4195 1907 4206 ’
