4378 4936
742 381 841 435 [σε]
867 381 896 434 E
924 380 1049 436 trano
1084 381 1343 437 Venrrnrmu.
1507 426 1514 442 .
1660 369 1720 460 143'

368 597 572 661 voluntatem
597 616 690 659 suam
714 597 890 678 propriam,
915 598 1066 678 quamvis
1088 619 1201 661 verum
1230 608 1288 676 est,
1314 599 1403 681 quod
1429 599 1593 664 Dominus
1618 601 1719 666 verba

369 739 482 782 eorum
506 716 712 782 confirmavit
735 717 948 798 sequentibus
971 718 1081 800 signis,
1104 719 1124 782 i.
1137 740 1164 783 e.
1189 720 1362 784 miraculis.

456 846 586 915 [p.114.]
631 845 830 900 Monachus.
875 837 1002 902 Audivi
1039 841 1126 902 enim
1165 839 1363 904 monachum
1401 841 1575 917 dicentem,
1608 843 1720 909 ‘Licet

370 961 457 1024 enim
484 959 653 1023 monachis
678 959 726 1022 uti
749 959 848 1022 frenis
875 960 1049 1037 deauratis,
1070 981 1109 1024 eo
1136 962 1226 1043 quod
1253 962 1461 1026 dominorum
1487 966 1720 1046 temporalium

369 1083 593 1163 possessiones
619 1081 762 1164 integras
792 1080 962 1156 habemus,
989 1090 1022 1145 et
1050 1082 1124 1146 ideo
1151 1083 1228 1164 quia
1253 1083 1341 1147 bona
1371 1084 1531 1148 baronum
1559 1085 1721 1150 habemus

371 1204 537 1267 deauratis
568 1223 642 1266 cum
674 1203 753 1285 ipsis
789 1203 836 1265 uti
868 1223 1052 1284 possumus,
1082 1203 1116 1266 in
1147 1206 1240 1286 equis
1270 1204 1448 1287 phaleratis
1486 1217 1520 1271 et
1549 1207 1582 1270 in
1612 1207 1721 1271 cellis?

372 1323 438 1388 Sed
467 1323 543 1389 talis
578 1344 643 1387 non
667 1323 765 1399 dixit,
792 1325 961 1405 quomodo
981 1324 1070 1388 bona
1102 1324 1183 1388 talia
1206 1325 1285 1389 data
1315 1327 1362 1389 eis
1390 1325 1522 1390 luerunt
1551 1328 1584 1390 in
1608 1348 1721 1392 neces-

370 1445 490 1508 sarium
514 1466 610 1508 usum
634 1445 772 1522 illorum,
794 1445 865 1508 sine
887 1444 1007 1526 quibus
1037 1444 1145 1508 cultus
1171 1445 1235 1508 Dei
1262 1456 1296 1510 et
1318 1447 1501 1511 animarum
1525 1448 1614 1512 salus
1640 1469 1721 1532 aug·

372 1569 510 1631 mentari
534 1587 597 1631 non
618 1577 738 1650 potest,
753 1566 806 1630 vel
830 1576 866 1630 ut
887 1567 933 1630 sic
956 1565 1082 1630 facilius
1104 1576 1346 1648 augmentetur.
1380 1568 1475 1646 Item,
1491 1569 1534 1631 ad
1554 1567 1618 1633 hoc
1641 1570 1720 1633 data

370 1687 509 1763 luerunt,
533 1709 573 1752 eo
603 1689 692 1770 quod
727 1689 845 1750 dantes
872 1686 928 1750 illa
954 1688 1042 1752 bona
1073 1686 1119 1750 eis
1149 1689 1313 1768 putabant
1343 1687 1416 1752 illos
1445 1687 1563 1770 quibus
1593 1689 1720 1754 dabant

370 1809 500 1872 racione
527 1809 676 1874 scienciae
705 1830 834 1892 magnae
858 1817 891 1873 et
913 1809 1068 1891 perfectae
1091 1808 1168 1872 vitae
1194 1818 1227 1872 et
1250 1810 1418 1884 doctrinae,
1442 1809 1560 1873 melius
1586 1821 1621 1874 et
1647 1832 1720 1893 per·

369 1929 486 1994 sectius
516 1929 697 2013 disponere,
728 1942 761 1994 et
791 1929 945 2004 conferre,
978 1940 1011 1994 et
1041 1930 1230 2012 dispensare
1260 1929 1317 1994 illa
1343 1931 1439 2006 bona,
1467 1940 1501 1994 et
1529 1933 1720 2012 expendere

371 2051 476 2134 magis
502 2050 559 2114 illa
581 2051 669 2115 bona
698 2051 731 2114 in
753 2061 970 2133 augmentum
993 2050 1151 2128 scienciae,
1172 2051 1341 2128 virtutum,
1364 2051 1608 2134 praedicationis
1629 2052 1720 2118 verbi

371 2171 444 2248 Dei,
468 2181 501 2234 et
532 2173 565 2235 in
592 2172 657 2238 alia
681 2193 782 2255 opera
810 2172 907 2238 saluti
931 2172 1115 2235 animarum
1138 2171 1345 2256 pertinentia,
1362 2193 1462 2254 quam
1489 2171 1547 2236 filii
1573 2173 1623 2236 sui
1645 2193 1721 2255 pro·

370 2293 431 2374 prii
455 2301 489 2356 et
515 2293 612 2356 amici
639 2293 807 2370 carnales3
838 2303 871 2355 et
895 2294 970 2356 ideo
997 2291 1102 2374 magis
1126 2293 1290 2356 dederunt
1313 2291 1482 2356 monachis
1505 2303 1538 2358 et
1562 2292 1721 2376 religiosis

370 2413 513 2495 antiquis
550 2424 686 2495 propter
716 2422 903 2478 sanctorum
934 2433 1070 2496 operum
1101 2413 1405 2496 augmentationem
1435 2413 1588 2490 fiendam,
1619 2434 1720 2496 quam

370 2535 484 2598 amicis
508 2534 574 2597 suis
604 2533 788 2598 carnalibus
815 2544 950 2616 propter
981 2535 1149 2598 mundana
1178 2555 1278 2616 opera
1304 2535 1479 2598 nutrienda
1505 2545 1539 2598 et
1564 2534 1721 2618 multipli-

371 2657 485 2718 canda.
531 2654 599 2720 Sed
625 2656 726 2736 aliqui
750 2656 873 2731 dicunt,
890 2655 1200 2736 ‘Dispensationem
1221 2655 1391 2729 habemus,
1415 2666 1448 2718 et
1472 2655 1638 2718 licentiam
1662 2654 1721 2719 ha·

371 2776 487 2838 bemus
510 2797 530 2838 a
556 2776 712 2858 superiori
738 2777 833 2840 nobis
861 2775 893 2837 in
914 2777 1017 2853 terris,
1040 2786 1076 2839 ut
1101 2776 1146 2839 sic
1173 2785 1206 2839 et
1236 2777 1281 2840 sic
1308 2776 1489 2838 secundum
1515 2775 1720 2840 voluntatem

371 2905 516 2959 nostram
539 2895 707 2972 faciamus,
733 2906 769 2960 ut
797 2917 862 2960 non
889 2908 1060 2960 teneamur
1083 2917 1212 2960 servare
1239 2896 1385 2978 regulam
1411 2906 1558 2960 nostram
1587 2917 1646 2960 nec
1666 2897 1720 2978 jus

370 3016 564 3081 commune!
609 3016 677 3081 Sed
698 3017 862 3080 Dominus
884 3017 973 3092 dicit,
991 3007 1135 3081 Malach.
1152 3015 1189 3098 ij⁰
1210 3017 1363 3098 capitulo,
1381 3016 1600 3080 ‘Maledicam
1621 3017 1722 3080 bene-

370 3137 572 3201 diccionibus
594 3137 727 3215 vestris*
744 3139 802 3202 ie.
822 3137 885 3203 hiis
908 3158 983 3219 quae
1002 3137 1186 3219 possidetis,
1204 3146 1237 3200 et
1258 3147 1392 3220 propter
1414 3136 1553 3202 abusum
1574 3145 1721 3200 vestrum

372 3257 642 3322 malediccionem
668 3258 953 3322 benedictionibus
979 3259 1105 3335 vestris
1136 3260 1156 3320 i.
1174 3280 1200 3321 e.
1225 3257 1365 3322 licentiis
1395 3269 1428 3322 et
1458 3257 1721 3322 concessionibus

370 3380 496 3444 vestris.
543 3378 685 3444 Sordida
712 3380 799 3444 enim
824 3381 1072 3444 conversatione
1098 3388 1246 3442 sanctam
1275 3399 1343 3442 rem
1368 3399 1424 3441 seu
1450 3377 1640 3460 religionem
1664 3379 1721 3442 de-

371 3501 521 3583 turpatis,
546 3501 658 3582 etqui
690 3501 800 3584 inique
830 3509 934 3583 agunt
958 3501 1204 3574 benedicuntur,
1232 3499 1292 3564 ie.
1314 3521 1334 3563 a
1357 3499 1451 3562 malis
1478 3499 1545 3562 suis
1567 3497 1722 3563 vocaliter

372 3631 405 3684 et
433 3642 497 3684 non
522 3621 652 3685 realiter
675 3621 717 3685 ab
741 3621 875 3686 homine
902 3621 1125 3698 absolvuntur,
1152 3630 1185 3684 et
1211 3622 1254 3685 ad
1285 3621 1410 3684 malum
1435 3619 1580 3683 fiendum
1607 3640 1721 3684 secun·

371 3743 452 3805 dum
482 3741 688 3806 voluntatem
719 3763 812 3806 suam
843 3743 1063 3818 licenciantur,
1090 3742 1163 3805 ideo
1190 3742 1277 3806 dicet
1301 3741 1474 3817 Dominus,
1498 3740 1720 3805 ‘Maledicam

371 3862 656 3926 benedictionibus
685 3860 817 3928 vestris'
847 3862 977 3938 talibus,
1003 3863 1071 3926 sive
1099 3862 1275 3927 sentenciis
1305 3872 1338 3926 et
1368 3862 1510 3925 licenciis
1539 3860 1655 3924 vestris
1688 3870 1721 3924 et

371 3984 649 4048 concessionibus.
696 3983 780 4050 Haec
803 3993 919 4066 patent
943 4006 1001 4068 per
1025 3983 1184 4048 Sanctum
1207 3983 1411 4064 Jeronimum
1439 3981 1615 4046 Malachiae
1634 3982 1671 4063 ij⁰
1689 3981 1721 4044 in

373 4102 621 4168 Commentario
644 4127 714 4168 suo.

460 4234 495 4300 [p.
524 4234 590 4298 m]
635 4232 813 4290 Nativitss.
860 4226 955 4305 Item,
980 4236 1059 4290 tunc
1086 4225 1264 4308 imperator
1285 4223 1342 4309 (sc.
1360 4220 1547 4309 Augustus)
1567 4223 1721 4299 decrevit,
