4338 4936
486 405 506 466 4
860 396 958 452 Locr
985 397 1013 450 a
1042 397 1167 453 mono
1202 396 1459 456 Vanrraruu.

485 631 505 674 a
532 610 607 676 Deo
631 633 690 694 per
710 611 908 678 indicciones
929 633 1034 696 paenae
1058 613 1114 696 qui
1137 613 1308 678 ecclesiam
1331 615 1533 698 appropriari
1558 614 1660 680 lecit,
1689 612 1836 678 Ecclesia

485 741 558 798 tum
576 732 773 816 parochialis
793 735 879 798 bene
897 743 947 798 est
966 735 1176 817 appropriata
1196 735 1330 818 quando
1348 746 1399 800 est
1414 737 1597 819 collegiata,
1615 737 1667 800 i'.e.
1684 736 1730 800 ita
1745 733 1835 816 quod

486 862 584 917 certae
608 855 704 918 bonae
730 877 879 938 personae
906 857 939 918 in
966 877 1005 920 ea
1031 855 1178 920 lundatae
1206 868 1364 921 maneant
1391 867 1424 921 et
1455 858 1624 940 perficiant
1655 859 1687 920 in
1718 857 1836 920 eadem

486 974 642 1056 parochia
657 975 704 1039 sic
724 976 909 1059 collegiata.

572 1103 610 1170 [p.
627 1103 680 1171 56]
714 1093 801 1159 Item
828 1105 943 1159 notum
968 1105 1019 1159 est
1043 1116 1101 1178 per
1123 1097 1270 1160 cronicas
1293 1107 1327 1161 et
1351 1119 1401 1162 res
1423 1109 1536 1182 gestas
1558 1107 1592 1162 et
1615 1117 1719 1180 nuper
1740 1097 1836 1174 visaS,

485 1214 575 1296 quod
599 1215 764 1298 superflua
787 1215 1061 1280 monasteriorum
1084 1225 1118 1280 et
1141 1218 1307 1282 redituum
1334 1220 1513 1282 eorundem
1541 1218 1621 1282 data
1646 1218 1776 1282 suerunt
1802 1217 1836 1278 in

484 1343 691 1418 perpetuum,
724 1335 860 1400 licencia
898 1355 995 1420 papae
1034 1336 1169 1401 Martini
1206 1335 1236 1417 5i
1274 1337 1413 1421 collegio
1451 1339 1659 1404 studencium
1697 1337 1836 1400 fundato

486 1451 597 1536 Papiae
610 1452 630 1533 ¹,
656 1477 731 1538 quae
760 1457 840 1520 olim
870 1457 1050 1521 vocabatur
1075 1457 1238 1533 Ticinum,
1260 1468 1294 1522 et
1320 1459 1409 1523 bona
1438 1459 1533 1542 plura
1563 1457 1835 1522 monasteriorum

485 1585 518 1639 et
540 1574 804 1658 hospitalitatum
828 1588 862 1642 et
882 1577 1079 1660 capellarum
1104 1599 1180 1660 quae
1201 1579 1405 1644 vocabantur
1428 1580 1540 1642 liberae
1564 1577 1709 1660 capellae,
1733 1587 1767 1640 et
1790 1578 1836 1641 sic

484 1696 583 1760 credo
608 1695 751 1774 firmiter,
777 1699 867 1779 quod
894 1706 1045 1762 sanctum
1075 1719 1159 1780 opus
1189 1708 1276 1762 esset
1305 1721 1402 1782 papae
1431 1699 1642 1783 appropriare
1671 1695 1836 1781 superflua

485 1817 759 1881 monasteriorum
794 1829 828 1883 et
864 1817 1077 1900 collegiorum
1114 1839 1309 1902 magnorum
1343 1829 1377 1884 et
1412 1820 1651 1886 cathedralium
1690 1818 1836 1882 ecclesiis

483 1937 726 2020 parochialibus
762 1948 796 2002 et
833 1959 945 2002 earum
986 1939 1107 2003 curatis
1144 1940 1351 2016 immediatis,
1391 1942 1424 2004 in
1462 1941 1580 2024 quibus
1617 1961 1661 2003 ex
1699 1939 1837 2004 diversis

484 2058 590 2122 causis
612 2057 765 2123 homines
787 2067 821 2122 et
843 2059 963 2122 animae
986 2070 1136 2142 pereunt.

571 2187 609 2256 [p.
626 2188 679 2258 59]
703 2178 922 2262 Comparacio
945 2200 1011 2244 non
1035 2189 1122 2244 esset
1144 2180 1230 2244 inter
1252 2181 1439 2246 relevamen
1461 2181 1576 2264 viginti
1600 2178 1835 2242 monachorum

483 2319 543 2381 per
566 2301 738 2364 ecclesiam
761 2301 808 2364 eis
833 2301 1090 2384 appropriatam,
1115 2311 1148 2364 et
1175 2302 1260 2366 inter
1286 2312 1454 2377 rectorem,
1480 2303 1536 2384 qui
1563 2319 1731 2383 nunquam
1757 2298 1836 2362 facit

483 2419 607 2484 bonum
635 2421 668 2484 in
695 2420 851 2504 parochia
878 2442 959 2500 sua3
991 2423 1051 2485 sed
1077 2423 1286 2504 comparacio
1311 2433 1398 2486 esset
1421 2423 1506 2486 inter
1528 2422 1617 2484 bona
1638 2440 1739 2502 opera
1761 2439 1836 2502 quae

484 2539 531 2603 illi
554 2541 670 2624 viginti
695 2541 846 2607 monachi
873 2542 996 2606 faciunt
1019 2561 1078 2624 per
1100 2541 1190 2606 illam
1215 2541 1390 2607 ecclesiam
1416 2542 1670 2625 appropriatam,
1691 2548 1725 2604 et
1751 2540 1837 2603 inter

484 2662 596 2724 omnia
622 2663 711 2726 bona
739 2683 840 2746 opera
869 2684 945 2746 quae
977 2663 1084 2726 bonus
1115 2672 1221 2729 rector
1250 2673 1326 2746 post
1356 2673 1498 2727 mortem
1529 2661 1607 2726 mali
1638 2661 1772 2724 rectoris
1801 2660 1835 2722 in

484 2781 540 2844 illa
570 2780 724 2864 parochia
750 2781 879 2860 laceret,
904 2793 938 2848 et
965 2783 1077 2846 omnia
1103 2803 1204 2865 opera
1231 2804 1307 2865 quae
1333 2783 1539 2865 pervenirent
1565 2782 1597 2846 in
1629 2779 1836 2863 parochianis

484 2921 544 2982 per
566 2899 637 2982 ejus
660 2910 809 2966 sanctam
831 2903 936 2966 vitam
961 2912 994 2966 et
1018 2902 1220 2984 exemplum,
1247 2913 1280 2968 et
1304 2923 1363 2985 per
1387 2902 1458 2984 ejus
1482 2901 1667 2966 doctrinam
1689 2911 1722 2964 et
1749 2899 1835 2963 elee-

484 3021 647 3085 mosinam
671 3032 705 3087 et
730 3021 1000 3106 hospitalitatem,
1026 3033 1060 3086 et
1086 3043 1146 3104 per
1170 3023 1412 3086 exhibicionem
1435 3022 1593 3105 juvenum
1617 3022 1660 3086 ad
1687 3020 1835 3084 studium

484 3141 518 3205 in
548 3141 704 3223 scienciis,
728 3153 762 3208 et
789 3165 848 3228 per
875 3144 1031 3208 devotam
1058 3142 1245 3206 oracionem
1270 3143 1372 3207 curati
1397 3151 1430 3206 et
1454 3161 1587 3206 suorum
1612 3140 1833 3204 ministrorum

485 3261 607 3327 laetam
635 3283 694 3346 pro
720 3261 927 3358 parochianis
950 3275 985 3328 et
1011 3282 1121 3327 coram
1146 3261 1361 3346 parochianis,
1386 3271 1422 3325 ut
1449 3282 1561 3326 eorum
1589 3259 1745 3342 exemplo
1776 3281 1836 3322 ex·

483 3381 626 3447 citentur
648 3384 691 3447 ad
718 3383 932 3448 consimiliter
954 3384 1138 3461 orandum3
1170 3383 1255 3447 inter
1279 3382 1351 3447 haec
1377 3383 1466 3446 bona
1490 3381 1604 3446 debita
1630 3381 1715 3444 inter
1739 3400 1835 3462 paro·

483 3500 618 3566 chianos
656 3512 689 3568 et
726 3504 812 3567 inter
847 3504 937 3567 bona
979 3524 1080 3586 opera
1117 3524 1191 3586 quae
1229 3503 1275 3566 illi
1316 3501 1565 3585 approprietarii
1603 3499 1749 3564 ecclesiae
1787 3499 1835 3562 eis

482 3623 705 3704 appropriatae
744 3623 866 3689 faciunt
907 3645 967 3706 per
1002 3625 1091 3688 bona
1129 3623 1214 3687 illius
1252 3623 1397 3686 ecclesiae
1438 3621 1660 3704 appropriatae
1697 3620 1833 3682 eisdem.

481 3738 623 3805 Videtur
651 3751 763 3806 autem
791 3743 861 3826 jam
897 3744 1068 3808 manifeste
1104 3764 1178 3824 quae
1209 3743 1335 3806 deliciae
1366 3753 1399 3806 et
1432 3741 1574 3808 honores
1605 3740 1719 3804 mundi
1751 3738 1835 3801 mul-

481 3861 674 3944 tiplicantur
707 3885 766 3946 per
797 3865 1102 3948 appropriacionem
1138 3863 1357 3940 ecclesiarum,
1387 3873 1421 3926 et
1456 3883 1531 3945 quae
1566 3882 1626 3944 per
1657 3880 1722 3923 non
1757 3859 1835 3922 resi·

480 3981 633 4047 denciam
665 3985 892 4068 episcoporum
923 3995 957 4048 et
987 3994 1184 4061 curatorum,
1211 3993 1245 4047 et
1275 4004 1333 4065 pcr
1363 3983 1529 4047 delectum
1559 3981 1638 4044 boni
1669 3980 1835 4063 regiminis

515 4167 522 4197 ¹
540 4169 658 4233 (Papiae),
671 4170 714 4221 i.e.
729 4171 811 4220 Pavia.
847 4171 858 4218 1
876 4169 910 4220 do
927 4177 971 4219 not
990 4168 1040 4218 hnd
1059 4169 1100 4219 the
1118 4168 1166 4218 fact
1185 4168 1289 4218 referred
1307 4177 1334 4218 to
1352 4169 1384 4232 by
1396 4167 1538 4232 Gascoigne
1555 4181 1648 4230 among
1664 4165 1706 4214 the
1724 4162 1793 4212 Bulls
1808 4163 1837 4212 ol

482 4247 574 4300 Martln
587 4251 619 4302 V.
