4322 4936
474 358 534 442 198
850 367 1004 435 Locis
1033 368 1158 422 trano
1193 368 1450 438 ranimirum

469 580 673 662 exemplum,
700 581 747 644 eis
772 591 953 658 ostensum,
981 591 1016 645 et
1043 601 1102 664 per
1130 582 1314 646 doctrinam
1345 582 1477 660 bonam,
1504 583 1676 668 concipere
1698 581 1822 658 vellent

468 710 600 765 sanctas
624 701 848 784 cogitaciones
871 711 905 765 et
931 704 1114 785 producere
1138 703 1232 786 plura
1254 703 1343 767 bona
1369 725 1488 787 opera3
1515 705 1574 768 sed
1598 704 1676 787 quia
1698 703 1821 767 inimici

470 821 534 885 Dei
561 823 778 887 committunt
807 833 841 887 et
871 823 1044 888 conserunt
1074 823 1122 889 eis
1153 824 1258 888 malos
1287 825 1442 906 praelatos
1471 834 1505 888 et
1536 825 1640 890 malos
1670 834 1820 900 rectores,

468 942 543 1006 ideo
568 941 771 1008 lomlcantur
794 953 830 1008 et
855 942 979 1008 iaciunt
1005 943 1148 1027 plurima
1173 966 1274 1027 opera
1304 946 1401 1022 mala,
1427 955 1461 1010 et
1490 947 1569 1029 quia
1600 966 1666 1010 non
1695 945 1822 1011 habent

467 1063 591 1128 bonum
617 1075 786 1148 pastorem
812 1074 847 1130 et
870 1065 995 1130 bonum
1020 1075 1181 1130 rectorem
1206 1076 1391 1130 morantem
1418 1067 1503 1131 inter
1529 1088 1597 1144 eos,
1620 1067 1822 1132 somicantur

465 1185 679 1268 spiritualiter
707 1193 742 1250 et
770 1185 992 1268 corporaliter,
1021 1197 1054 1250 et
1084 1187 1179 1269 plura
1205 1208 1306 1269 opera
1332 1188 1420 1251 mala
1446 1187 1582 1252 faciunt.
1627 1188 1705 1252 Non
1731 1188 1820 1252 enim

466 1315 604 1389 possunt
628 1307 718 1370 bona
747 1327 847 1389 opera
877 1307 990 1370 debite
1018 1328 1175 1390 generare
1205 1309 1239 1370 in
1265 1331 1325 1372 sua
1355 1311 1476 1373 diocesi
1506 1310 1559 1373 vel
1586 1309 1741 1391 parochia
1767 1308 1819 1372 vel

465 1426 623 1492 abbathia
644 1427 697 1492 vel
720 1428 857 1492 ecclesia
879 1428 1070 1506 cathedrali,
1091 1430 1170 1512 quia
1196 1450 1263 1492 non
1288 1441 1367 1494 sunt
1393 1451 1468 1494 cum
1492 1433 1559 1494 suis
1581 1430 1733 1507 subditis,
1756 1449 1816 1494 nec

465 1548 577 1614 debite
601 1559 737 1613 manent
763 1549 849 1613 inter
873 1570 939 1628 eos,
959 1559 993 1613 et
1021 1550 1095 1614 ideo
1121 1551 1335 1632 spiritualiter
1356 1572 1423 1614 non
1448 1561 1645 1616 convertunt
1668 1550 1819 1615 homines

464 1691 485 1734 a
510 1670 602 1734 viciis
625 1670 660 1732 in
682 1672 829 1735 virtuosa
853 1692 965 1755 opera,
990 1692 1050 1736 nec
1076 1693 1097 1736 a
1121 1673 1267 1754 peccatis
1294 1673 1337 1736 ad
1363 1674 1512 1737 virtutes·
1559 1673 1701 1737 Manent
1730 1672 1818 1736 enirn

464 1791 618 1856 incuriis
644 1811 839 1874 magnorum
865 1793 1075 1856 dominorum
1102 1794 1354 1872 mundanorum,
1376 1804 1410 1858 et
1438 1794 1483 1857 ibi
1507 1796 1702 1876 expendunt
1729 1793 1818 1856 bona

464 1913 608 1978 ecclesiae
638 1933 715 1988 suae,
740 1913 794 1978 vel
824 1925 962 1978 manent
988 1915 1022 1977 in
1048 1916 1315 1980 universitatibus
1346 1916 1477 1980 Parisiis
1506 1916 1558 1979 vel
1590 1914 1733 1980 Oxoniae
1764 1913 1818 1978 vel

462 2035 551 2110 alibi,
568 2043 603 2098 et
624 2035 736 2099 debite
759 2055 826 2098 non
850 2045 987 2117 prosunt
1009 2035 1120 2114 verbo,
1143 2037 1308 2120 exemplo,
1330 2037 1466 2115 auxili0,
1485 2037 1631 2100 subsidio
1654 2035 1817 2118 spirituali

463 2166 497 2220 et
514 2156 684 2239 corporali.
723 2155 769 2221 Et
788 2157 968 2239 aliquando
984 2157 1108 2221 Tamar
1128 2178 1195 2222 non
1215 2158 1318 2222 habet
1339 2159 1502 2234 maritum,
1519 2159 1597 2241 quia
1618 2156 1725 2219 nullus
1746 2155 1817 2220 vult

463 2297 538 2341 earn
564 2278 714 2360 accipere
740 2287 876 2361 propter
901 2287 1140 2360 paupertatem,
1162 2288 1196 2343 et
1226 2279 1372 2343 ecclesiae
1398 2278 1612 2361 parochiales,
1638 2277 1672 2339 in
1697 2275 1816 2360 quibus

462 2400 633 2481 quondam
668 2398 799 2462 luerunt
829 2398 942 2480 magni
979 2408 1130 2479 rectores,
1162 2399 1423 2483 hospitalitatem
1460 2408 1622 2474 tenentes,
1660 2408 1695 2463 et
1731 2397 1816 2461 lilios

462 2519 736 2604 parochianorum
763 2521 806 2584 ad
837 2519 944 2584 scolas
974 2519 1179 2600 exhibentes,
1202 2521 1274 2603 jam
1300 2541 1366 2584 non
1390 2520 1515 2584 habent
1537 2520 1643 2584 bonos
1673 2527 1813 2594 curatos

462 2661 523 2705 nec
543 2651 693 2719 rectores,
714 2660 775 2705 nec
793 2641 941 2719 vicarios,
960 2641 1076 2724 quales
1096 2642 1266 2720 haberent,
1286 2642 1364 2724 quia
1385 2640 1523 2705 ecclesia
1546 2651 1597 2705 est
1618 2641 1666 2705 ita
1690 2640 1814 2722 depau-

461 2769 576 2844 perata
602 2781 661 2844 per
687 2760 992 2844 appropriacionem
1019 2761 1142 2826 iactam
1168 2763 1212 2826 ab
1238 2761 1311 2826 aliis
1338 2772 1435 2826 extra
1460 2760 1650 2845 parochiam
1678 2780 1814 2824 manen-

460 2882 558 2961 tibus,
573 2881 663 2964 quod
684 2889 815 2945 curatus
832 2881 926 2962 quasi
949 2881 1029 2944 nihil
1052 2882 1162 2960 habet,
1178 2903 1238 2946 nec
1261 2881 1363 2946 habet
1385 2883 1473 2945 unde
1495 2881 1585 2946 vivat
1608 2889 1646 2944 ut
1666 2879 1813 2956 clericus,

461 3004 633 3068 necunde
653 3001 766 3085 juvare
792 3011 903 3084 potest
925 3001 1141 3085 parochianos
1165 3023 1225 3066 nec
1250 3023 1344 3066 suam
1367 3001 1561 3079 ecclesiam3
1592 3009 1626 3064 et
1648 3001 1695 3064 sic
1717 3001 1813 3066 sedet

460 3125 494 3188 in
514 3123 650 3188 tristicia
672 3121 728 3186 illa
750 3141 825 3204 quae
847 3123 1017 3204 quondam
1040 3121 1101 3186 luit
1117 3122 1273 3186 ‘domina
1294 3120 1468 3204 gencium,’
1490 3142 1535 3186 sc.
1559 3119 1715 3204 parochia
1737 3142 1812 3203 quae

460 3246 629 3330 quondam
659 3265 719 3328 per
748 3243 872 3308 bonum
901 3254 1051 3308 curatum
1080 3243 1141 3308 suit
1172 3243 1327 3309 notabilis
1356 3243 1617 3308 conversacionis
1650 3253 1685 3308 et
1713 3242 1811 3306 lamae

458 3367 545 3431 inter
565 3374 692 3448 gentes,

545 3497 583 3566 [p.
601 3495 669 3564 54⁸]
714 3486 777 3550 Per
799 3485 873 3550 illos
895 3486 1173 3569 approprietarios
1196 3496 1229 3548 et
1256 3505 1322 3548 non
1350 3486 1531 3549 residentes
1554 3494 1667 3548 carent
1690 3484 1811 3548 debitis

458 3609 589 3685 curatis,
620 3607 856 3690 hospitalitate,
888 3606 1126 3688 praedicacione
1153 3605 1244 3669 verbi
1284 3605 1357 3683 Dei,
1391 3605 1599 3669 exhibicione
1633 3624 1809 3688 puerorum

456 3731 500 3795 ad
531 3728 645 3807 scolas,
671 3730 760 3792 bono
789 3726 926 3791 consilio
952 3737 987 3792 et
1015 3726 1141 3792 auxilio
1171 3735 1367 3805 curatorum,
1395 3729 1460 3809 qui,
1482 3736 1617 3810 propter
1642 3724 1809 3789 deiectum

455 3851 618 3915 bonorum
645 3847 928 3932 appropriatorum
957 3848 1037 3923 aliis,
1064 3869 1129 3911 non
1157 3858 1295 3931 possunt
1322 3849 1473 3912 auxiliari
1500 3846 1706 3931 parochianis
1732 3866 1809 3910 con·

455 3991 556 4054 grue;
583 3981 617 4034 et
642 3970 728 4034 tales
748 3968 828 4034 flent
851 3989 961 4032 coram
986 3969 1061 4032 Deo
1084 3988 1144 4051 pro
1167 3968 1313 4032 remedio
1340 3978 1455 4032 contra
1474 3968 1752 4051 approprietarios
1774 3975 1808 4031 et

457 4113 523 4156 non
553 4093 743 4171 residentes,
768 4091 887 4174 quibus
923 4090 1030 4156 solum
1062 4089 1126 4154 hoc
1163 4100 1213 4154 est
1251 4091 1443 4165 remedium,
1476 4111 1541 4154 non
1572 4089 1680 4154 lacere
1717 4089 1806 4172 quod

456 4212 612 4287 lecerunt,
645 4233 710 4277 non
742 4213 922 4277 residentes
951 4211 1073 4276 habere
1103 4211 1275 4276 ecclesiam
1306 4211 1351 4276 sic
1381 4214 1638 4296 appropriatam,
1671 4233 1732 4278 nec
1762 4214 1807 4276 sic
