4338 4936
488 407 530 476 32
871 397 970 454 Locl
995 397 1026 452 Ε
1052 398 1177 454 LIBRO
1212 397 1473 456 VERITATrnvr.

491 607 557 688 iel;
591 611 663 693 ipse
685 611 773 674 enim
798 609 1004 692 Reginaldus
1027 608 1138 674 Pecok
1161 610 1335 692 episcopus
1357 618 1436 672 tunc
1455 607 1652 687 Assavensis
1675 609 1708 671 in
1724 607 1846 673 Wallia

491 734 653 796 concessit
677 731 859 795 Londoniis
881 733 1003 815 palam,
1026 731 1117 814 quod
1141 731 1286 818 episcopi
1308 739 1462 794 tenentur
1476 731 1663 814 praedicare,
1684 732 1742 794 ie.
1764 730 1845 793 olim

492 853 691 916 tenebantur
720 853 908 936 praedicare,
939 875 984 918 sc.
1015 854 1150 937 quando
1181 852 1329 936 episcopi
1359 851 1491 916 luerunt
1524 853 1627 916 curati
1662 851 1845 914 immediati

492 975 663 1038 constituti
698 974 730 1037 in
766 973 966 1048 civitatibus,
999 994 1067 1037 non
1104 972 1265 1037 habentes
1297 983 1428 1037 curatos
1462 973 1673 1037 immediatos
1709 973 1772 1036 sub
1808 992 1845 1036 se

492 1095 702 1159 constitutos.
749 1095 834 1158 Haec
863 1095 999 1159 dicebat
1028 1095 1117 1158 idem
1144 1094 1327 1177 episcopus,
1352 1094 1411 1157 sed
1435 1102 1552 1175 postea
1574 1093 1688 1175 inquit,
1710 1093 1846 1174 quando

492 1215 554 1278 sub
575 1217 738 1299 episcopis
754 1216 857 1280 curati
878 1215 1061 1279 immediati
1082 1216 1252 1279 constituti
1273 1224 1376 1292 erant,
1391 1215 1535 1298 episcopi
1558 1234 1626 1277 non
1646 1213 1847 1278 tenebantur

493 1335 675 1418 praedicare
700 1335 780 1418 quia
806 1345 886 1399 tunc
912 1335 1042 1398 fuerunt
1066 1342 1103 1397 ut
1130 1337 1283 1418 episcopi,
1309 1335 1369 1399 i.e.
1393 1335 1699 1418 superintendentes
1725 1335 1846 1398 curatis

493 1467 527 1521 et
550 1457 692 1521 subditis
716 1477 838 1522 comm.

580 1587 619 1654 [p.
647 1585 716 1653 360]
776 1575 806 1640 Ο
837 1577 993 1659 episcopi,
1022 1576 1187 1640 attendite
1220 1586 1254 1641 et
1284 1577 1396 1641 videte
1424 1577 1593 1659 quomodo
1619 1575 1690 1660 jam
1720 1579 1753 1641 in
1782 1576 1846 1641 hoc

492 1709 642 1782 tempore
676 1719 736 1782 per
768 1699 994 1762 concessiones
1029 1697 1166 1781 papales
1196 1707 1230 1762 et
1260 1698 1485 1780 indulgencias
1515 1698 1558 1762 ab
1590 1698 1663 1781 ipso
1688 1698 1848 1763 vocaliter

493 1840 666 1886 concessas
686 1819 779 1902 quasi
801 1827 874 1882 tota
896 1827 1043 1901 potestas
1063 1827 1172 1882 vestra
1189 1827 1240 1882 est
1259 1817 1423 1882 exhausta
1441 1829 1475 1884 et
1496 1821 1590 1902 quasi
1611 1820 1786 1896 destructa,
1811 1830 1846 1885 et

495 1963 577 2025 pura
592 1939 765 2023 vigilancia
780 1939 891 2003 videte
910 1960 953 2003 an
975 1937 1039 2003 hoc
1060 1939 1127 2017 liat,
1143 1938 1195 2002 vel
1216 1947 1353 2020 propter
1370 1939 1510 2002 abusum
1525 1949 1643 2004 vestrae
1662 1942 1846 2022 potestatis,

492 2063 545 2127 vel
573 2082 632 2145 per
653 2063 905 2144 usurpacioncm
926 2069 960 2124 et
984 2061 1199 2142 cupiditatem
1226 2058 1335 2123 Curiae
1363 2059 1527 2122 Romanae
1552 2073 1586 2122 et
1617 2060 1845 2126 Romanorum

493 2183 763 2249 curtesanorum!
823 2182 941 2265 Nuper
977 2183 1066 2245 enim
1099 2183 1176 2245 novi
1212 2182 1382 2265 quomodo
1419 2181 1593 2264 episcopus
1623 2179 1844 2260 cicestrensis,

495 2305 658 2388 Magister
688 2304 851 2368 Ricardus
880 2303 990 2386 Praty,
1020 2303 1137 2367 doctor
1165 2324 1267 2367 sacrae
1292 2303 1469 2385 theologiae
1499 2304 1652 2383 Oxoniae,
1678 2303 1847 2386 quendam

492 2427 649 2492 vicarium
673 2425 825 2508 pessimae
852 2423 949 2488 famae
973 2433 1007 2488 et
1031 2445 1173 2507 nequam
1196 2426 1275 2490 vitae
1300 2427 1598 2490 excommunicavit
1623 2435 1657 2490 et
1686 2425 1847 2490 beneficio

493 2549 644 2632 privavit,
670 2555 705 2610 et
730 2546 820 2610 idem
844 2545 983 2608 vicarius
1009 2545 1118 2628 ipsum
1144 2548 1345 2629 episcopum,
1368 2556 1443 2630 post
1470 2545 1604 2628 longam
1629 2549 1846 2611 vexacionem

493 2671 527 2733 in
560 2667 660 2732 Curia
690 2668 733 2730 de
765 2663 921 2730 Arcubus
954 2664 1148 2744 Londoniae,
1181 2668 1367 2750 requirebat
1400 2669 1590 2750 episcopum
1624 2669 1686 2731 sub
1717 2669 1847 2751 magnis

493 2790 602 2874 poenis
618 2790 725 2871 ipsum
744 2786 915 2851 absolvere
935 2808 955 2850 a
973 2789 1142 2852 sentencia
1162 2790 1519 2854 excommunicacionis
1537 2789 1659 2853 virtute
1673 2790 1846 2872 potestatis

493 2909 685 2975 absolvendi
709 2928 874 2972 concessae
896 2929 917 2972 a
939 2928 1028 2991 papa
1050 2908 1203 2992 Eugenio
1225 2911 1409 2992 cuicunque
1438 2911 1571 2993 ydoneo
1601 2911 1763 2974 sacerdoti
1786 2931 1847 2992 pro

493 3031 640 3114 quolibet
662 3029 829 3094 existente
855 3029 898 3092 de
922 3031 1122 3112 paternitate
1144 3031 1264 3095 domus
1292 3030 1406 3096 Sancti
1432 3029 1574 3095 Antonii
1598 3031 1789 3110 Londoniis,
1812 3040 1847 3098 et

494 3155 668 3236 episcopus
700 3172 870 3234 nunquam
905 3150 970 3215 hoc
1000 3151 1077 3216 iecit
1109 3153 1168 3216 sed
1202 3154 1310 3235 ipsum
1343 3154 1668 3218 excommunicatum
1704 3153 1847 3235 privavit

493 3275 621 3351 vicaria,
648 3284 682 3339 et
714 3294 884 3356 nunquam
912 3293 973 3356 per
997 3282 1151 3356 rogatum
1177 3275 1307 3339 comitis
1329 3273 1482 3339 Arundel
1508 3282 1542 3339 et
1567 3273 1707 3338 aliorum
1736 3273 1845 3356 ipsum

494 3397 646 3471 restituit,
671 3397 777 3460 seda
802 3396 924 3460 diocesi
950 3415 1011 3460 sua
1037 3415 1180 3478 nequam
1204 3416 1306 3479 pecus
1329 3393 1436 3478 ejecit,
1464 3395 1585 3473 dicens,
1614 3394 1720 3458 ‘Haec
1741 3393 1845 3473 litera,

492 3539 594 3600 quam
615 3518 706 3597 dicis,
721 3518 782 3582 tibi
802 3538 958 3582 concessa
977 3538 998 3581 a
1016 3537 1106 3601 papa
1126 3527 1259 3582 enervat
1279 3537 1413 3580 omnem
1434 3525 1633 3599 potestatem
1655 3536 1845 3581 concessam

493 3661 513 3703 a
540 3641 687 3705 Domino
715 3641 886 3723 episcopis,
916 3641 994 3722 quia
1025 3660 1070 3703 ex
1094 3639 1151 3703 illo
1176 3659 1334 3704 concessu
1357 3639 1505 3720 sequitur
1526 3638 1616 3720 quod
1642 3637 1846 3720 quiscunque

494 3761 599 3826 malus
634 3763 695 3826 erit
728 3759 900 3824 absolutus
934 3760 977 3824 ab
1009 3761 1173 3842 episcopo
1210 3757 1296 3837 velit,
1332 3757 1416 3822 nolit
1448 3758 1629 3840 episcopus,
1662 3757 1716 3820 vel
1752 3756 1846 3822 aliter

494 3883 668 3966 episcopus
693 3881 837 3946 incurrat
867 3879 1027 3944 offensam
1057 3899 1154 3961 papae
1185 3888 1220 3942 et
1248 3879 1296 3942 sic
1325 3879 1498 3960 episcopus
1526 3877 1667 3960 quilibet
1694 3876 1845 3941 absolvet

493 4003 674 4086 pessimum
698 4003 864 4067 tirannum
886 4020 947 4086 pro
973 4001 1163 4064 ostensione
1186 3999 1286 4063 bullae
1311 3999 1440 4082 papalis
1464 3999 1533 4062 sive
1559 4019 1756 4082 quocunque
1779 3997 1845 4063 alio

496 4124 605 4187 medio
642 4123 799 4208 requisito
827 4123 871 4188 ad
905 4121 1150 4188 absolucionem
1188 4130 1331 4186 vestram
1368 4141 1479 4185 coram
1516 4121 1673 4184 Domino.
1739 4115 1846 4197 Item,’

495 4245 601 4326 inquit
632 4246 719 4309 idem
750 4243 930 4330 episcopus,
962 4252 1048 4308 ‘non
1083 4244 1230 4327 sequitur
1260 4264 1314 4307 me
1343 4242 1464 4307 debere
1494 4251 1527 4306 te
1560 4241 1737 4318 absolvere,
1768 4241 1846 4323 quia
