<?xml version="1.0" encoding="UTF-8"?>
<!DOCTYPE html PUBLIC "-//W3C//DTD XHTML 1.0 Transitional//EN"
    "http://www.w3.org/TR/xhtml1/DTD/xhtml1-transitional.dtd">
<html xmlns="http://www.w3.org/1999/xhtml" xml:lang="en" lang="en">
 <head>
  <title>
</title>
<meta http-equiv="Content-Type" content="text/html;charset=utf-8" />
  <meta name='ocr-system' content='tesseract 3.04.00' />
  <meta name='ocr-capabilities' content='ocr_page ocr_carea ocr_par ocr_line ocrx_word'/>
</head>
<body>
  <div class='ocr_page' id='page_1' title='image "./locielibroverit01gascgoog_0192.png"; bbox 0 0 4378 4936; ppageno 0'>
   <div class='ocr_carea' id='block_1_1' title="bbox 732 377 1707 460">
    <p class='ocr_par' dir='ltr' id='par_1_1' title="bbox 732 377 1707 460">
     <span class='ocr_line' id='line_1_1' title="bbox 732 377 1707 460; baseline -0.007 -13"><span class='ocrx_word' id='word_1_1' title='bbox 732 390 831 447; x_wconf 85' lang='lat' dir='ltr'>Locl</span> <span class='ocrx_word' id='word_1_2' title='bbox 856 391 886 445; x_wconf 90' lang='lat' dir='ltr'><em>E</em></span> <span class='ocrx_word' id='word_1_3' title='bbox 914 391 1039 447; x_wconf 87' lang='lat' dir='ltr'><em>LIBRO</em></span> <span class='ocrx_word' id='word_1_4' title='bbox 1074 389 1332 446; x_wconf 82' lang='lat' dir='ltr'><em>VERIYATUM.</em></span> <span class='ocrx_word' id='word_1_5' title='bbox 1667 377 1707 460; x_wconf 89' lang='grc'>89</span> 
     </span>
    </p>
   </div>
   <div class='ocr_carea' id='block_1_2' title="bbox 294 601 1781 1534">
    <p class='ocr_par' dir='ltr' id='par_1_2' title="bbox 294 601 1781 1534">
     <span class='ocr_line' id='line_1_2' title="bbox 358 601 1708 690; baseline -0.001 -24"><span class='ocrx_word' id='word_1_6' title='bbox 358 602 500 668; x_wconf 87' lang='lat' dir='ltr'>siderate</span> <span class='ocrx_word' id='word_1_7' title='bbox 524 604 613 685; x_wconf 91' lang='lat' dir='ltr'>quod</span> <span class='ocrx_word' id='word_1_8' title='bbox 637 603 725 668; x_wconf 91' lang='lat' dir='ltr'>Xtus</span> <span class='ocrx_word' id='word_1_9' title='bbox 749 604 829 669; x_wconf 92' lang='lat' dir='ltr'>dicit</span> <span class='ocrx_word' id='word_1_10' title='bbox 852 605 886 668; x_wconf 94' lang='lat' dir='ltr'>in</span> <span class='ocrx_word' id='word_1_11' title='bbox 910 605 1093 690; x_wconf 89' lang='lat' dir='ltr'>Evangelio</span> <span class='ocrx_word' id='word_1_12' title='bbox 1115 627 1186 670; x_wconf 90' lang='lat' dir='ltr'>esse</span> <span class='ocrx_word' id='word_1_13' title='bbox 1208 603 1461 688; x_wconf 92' lang='lat' dir='ltr'>complendum:</span> <span class='ocrx_word' id='word_1_14' title='bbox 1485 602 1576 666; x_wconf 90' lang='lat' dir='ltr'>‘Nisi</span> <span class='ocrx_word' id='word_1_15' title='bbox 1600 601 1708 686; x_wconf 87' lang='lat' dir='ltr'>poeni·</span> 
     </span>
     <span class='ocr_line' id='line_1_3' title="bbox 358 723 1709 810; baseline -0.001 -23"><span class='ocrx_word' id='word_1_16' title='bbox 358 725 501 789; x_wconf 88' lang='lat' dir='ltr'>tenciam</span> <span class='ocrx_word' id='word_1_17' title='bbox 518 725 657 808; x_wconf 88' lang='lat' dir='ltr'>egeritis,</span> <span class='ocrx_word' id='word_1_18' title='bbox 673 746 789 790; x_wconf 89' lang='lat' dir='ltr'>omnes</span> <span class='ocrx_word' id='word_1_19' title='bbox 804 727 901 790; x_wconf 92' lang='lat' dir='ltr'>simul</span> <span class='ocrx_word' id='word_1_20' title='bbox 920 727 1068 810; x_wconf 84' lang='lat' dir='ltr'>peribitis</span> <span class='ocrx_word' id='word_1_21' title='bbox 1080 727 1097 806; x_wconf 91' lang='lat'>;’</span> <span class='ocrx_word' id='word_1_22' title='bbox 1116 738 1150 792; x_wconf 93' lang='lat' dir='ltr'>et</span> <span class='ocrx_word' id='word_1_23' title='bbox 1167 725 1310 792; x_wconf 89' lang='lat' dir='ltr'>Sanctus</span> <span class='ocrx_word' id='word_1_24' title='bbox 1323 726 1446 802; x_wconf 90' lang='lat' dir='ltr'>Petrus,</span> <span class='ocrx_word' id='word_1_25' title='bbox 1462 723 1526 787; x_wconf 93' lang='lat' dir='ltr'>illis</span> <span class='ocrx_word' id='word_1_26' title='bbox 1541 723 1597 806; x_wconf 92' lang='lat' dir='ltr'>qui</span> <span class='ocrx_word' id='word_1_27' title='bbox 1616 724 1709 805; x_wconf 90' lang='lat' dir='ltr'>igno·</span> 
     </span>
     <span class='ocr_line' id='line_1_4' title="bbox 294 843 1709 929; baseline -0.002 -19"><span class='ocrx_word' id='word_1_28' title='bbox 294 907 296 910; x_wconf 84' lang='lat'>.</span> <span class='ocrx_word' id='word_1_29' title='bbox 359 845 477 908; x_wconf 90' lang='lat' dir='ltr'>rabant</span> <span class='ocrx_word' id='word_1_30' title='bbox 496 855 633 929; x_wconf 86' lang='lat' dir='ltr'>peccata</span> <span class='ocrx_word' id='word_1_31' title='bbox 655 866 726 912; x_wconf 88' lang='lat' dir='ltr'>esse</span> <span class='ocrx_word' id='word_1_32' title='bbox 747 867 848 929; x_wconf 90' lang='lat' dir='ltr'>opera</span> <span class='ocrx_word' id='word_1_33' title='bbox 866 867 941 929; x_wconf 88' lang='lat' dir='ltr'>quae</span> <span class='ocrx_word' id='word_1_34' title='bbox 964 848 1118 924; x_wconf 88' lang='lat' dir='ltr'>lecerunt,</span> <span class='ocrx_word' id='word_1_35' title='bbox 1138 847 1234 926; x_wconf 87' lang='lat' dir='ltr'>dixit,</span> <span class='ocrx_word' id='word_1_36' title='bbox 1253 844 1402 911; x_wconf 92' lang='lat' dir='ltr'>Actuum</span> <span class='ocrx_word' id='word_1_37' title='bbox 1419 850 1461 926; x_wconf 82' lang='lat'>3⁰,</span> <span class='ocrx_word' id='word_1_38' title='bbox 1479 843 1709 908; x_wconf 89' lang='lat' dir='ltr'>‘Poenitemini</span> 
     </span>
     <span class='ocr_line' id='line_1_5' title="bbox 360 964 1710 1052; baseline -0.001 -24"><span class='ocrx_word' id='word_1_39' title='bbox 360 974 394 1028; x_wconf 90' lang='lat' dir='ltr'>et</span> <span class='ocrx_word' id='word_1_40' title='bbox 415 966 649 1046; x_wconf 82' lang='lat' dir='ltr'>convertimini,</span> <span class='ocrx_word' id='word_1_41' title='bbox 671 976 707 1030; x_wconf 90' lang='lat' dir='ltr'>ut</span> <span class='ocrx_word' id='word_1_42' title='bbox 734 967 907 1032; x_wconf 90' lang='lat' dir='ltr'>deleantur</span> <span class='ocrx_word' id='word_1_43' title='bbox 931 978 1041 1034; x_wconf 89' lang='lat' dir='ltr'>vestra</span> <span class='ocrx_word' id='word_1_44' title='bbox 1067 967 1232 1052; x_wconf 82' lang='lat' dir='ltr'>peccata3&#39;</span> <span class='ocrx_word' id='word_1_45' title='bbox 1260 967 1439 1031; x_wconf 89' lang='lat' dir='ltr'>ostendens</span> <span class='ocrx_word' id='word_1_46' title='bbox 1462 967 1495 1029; x_wconf 94' lang='lat' dir='ltr'>in</span> <span class='ocrx_word' id='word_1_47' title='bbox 1517 964 1580 1030; x_wconf 93' lang='lat' dir='ltr'>hiis</span> <span class='ocrx_word' id='word_1_48' title='bbox 1602 964 1710 1028; x_wconf 91' lang='lat' dir='ltr'>verbis</span> 
     </span>
     <span class='ocr_line' id='line_1_6' title="bbox 360 1085 1710 1171; baseline -0.001 -22"><span class='ocrx_word' id='word_1_49' title='bbox 360 1087 562 1151; x_wconf 86' lang='lat' dir='ltr'>aversionem</span> <span class='ocrx_word' id='word_1_50' title='bbox 580 1109 601 1151; x_wconf 84' lang='lat' dir='ltr'>a</span> <span class='ocrx_word' id='word_1_51' title='bbox 621 1098 766 1171; x_wconf 89' lang='lat' dir='ltr'>peccato,</span> <span class='ocrx_word' id='word_1_52' title='bbox 783 1097 817 1153; x_wconf 90' lang='lat' dir='ltr'>et</span> <span class='ocrx_word' id='word_1_53' title='bbox 837 1090 1083 1153; x_wconf 88' lang='lat' dir='ltr'>conversionem</span> <span class='ocrx_word' id='word_1_54' title='bbox 1103 1090 1147 1153; x_wconf 89' lang='lat' dir='ltr'>ad</span> <span class='ocrx_word' id='word_1_55' title='bbox 1162 1090 1251 1152; x_wconf 88' lang='lat' dir='ltr'>bona</span> <span class='ocrx_word' id='word_1_56' title='bbox 1272 1109 1373 1171; x_wconf 91' lang='lat' dir='ltr'>opera</span> <span class='ocrx_word' id='word_1_57' title='bbox 1393 1086 1507 1151; x_wconf 88' lang='lat' dir='ltr'>debita</span> <span class='ocrx_word' id='word_1_58' title='bbox 1527 1085 1710 1150; x_wconf 87' lang='lat' dir='ltr'>necessaria</span> 
     </span>
     <span class='ocr_line' id='line_1_7' title="bbox 361 1205 1711 1293; baseline -0.001 -23"><span class='ocrx_word' id='word_1_59' title='bbox 361 1226 433 1271; x_wconf 90' lang='lat' dir='ltr'>esse</span> <span class='ocrx_word' id='word_1_60' title='bbox 454 1207 497 1271; x_wconf 88' lang='lat' dir='ltr'>ad</span> <span class='ocrx_word' id='word_1_61' title='bbox 519 1208 650 1272; x_wconf 89' lang='lat' dir='ltr'>veniam</span> <span class='ocrx_word' id='word_1_62' title='bbox 672 1229 782 1273; x_wconf 89' lang='lat' dir='ltr'>veram</span> <span class='ocrx_word' id='word_1_63' title='bbox 806 1210 1072 1293; x_wconf 87' lang='lat' dir='ltr'>consequendam</span> <span class='ocrx_word' id='word_1_64' title='bbox 1094 1232 1115 1275; x_wconf 93' lang='lat' dir='ltr'>a</span> <span class='ocrx_word' id='word_1_65' title='bbox 1136 1211 1220 1274; x_wconf 91' lang='lat' dir='ltr'>Deo.</span> <span class='ocrx_word' id='word_1_66' title='bbox 1253 1208 1513 1273; x_wconf 90' lang='lat' dir='ltr'>‘Poenltenciam</span> <span class='ocrx_word' id='word_1_67' title='bbox 1531 1205 1619 1270; x_wconf 91' lang='lat' dir='ltr'>enim</span> <span class='ocrx_word' id='word_1_68' title='bbox 1642 1226 1711 1270; x_wconf 91' lang='lat' dir='ltr'>cer·</span> 
     </span>
     <span class='ocr_line' id='line_1_8' title="bbox 361 1309 1781 1414; baseline 0.001 -25"><span class='ocrx_word' id='word_1_69' title='bbox 361 1323 451 1403; x_wconf 85' lang='lat' dir='ltr'>tam‚&#39;</span> <span class='ocrx_word' id='word_1_70' title='bbox 472 1337 509 1392; x_wconf 88' lang='lat' dir='ltr'>ut</span> <span class='ocrx_word' id='word_1_71' title='bbox 529 1337 670 1393; x_wconf 87' lang='lat' dir='ltr'>testatur</span> <span class='ocrx_word' id='word_1_72' title='bbox 691 1327 833 1394; x_wconf 90' lang='lat' dir='ltr'>Sanctus</span> <span class='ocrx_word' id='word_1_73' title='bbox 855 1329 1073 1414; x_wconf 87' lang='lat' dir='ltr'>Augustinus,</span> <span class='ocrx_word' id='word_1_74' title='bbox 1093 1334 1177 1394; x_wconf 89' lang='lat' dir='ltr'>‘non</span> <span class='ocrx_word' id='word_1_75' title='bbox 1201 1329 1279 1396; x_wconf 87' lang='lat' dir='ltr'>lacit</span> <span class='ocrx_word' id='word_1_76' title='bbox 1301 1329 1361 1394; x_wconf 91' lang='lat' dir='ltr'>nisi</span> <span class='ocrx_word' id='word_1_77' title='bbox 1388 1329 1502 1393; x_wconf 92' lang='lat' dir='ltr'>odium</span> <span class='ocrx_word' id='word_1_78' title='bbox 1526 1327 1654 1410; x_wconf 90' lang='lat' dir='ltr'>peccati</span> <span class='ocrx_word' id='word_1_79' title='bbox 1677 1336 1711 1391; x_wconf 88' lang='lat' dir='ltr'>et</span> <span class='ocrx_word' id='word_1_80' title='bbox 1777 1309 1781 1317; x_wconf 54' lang='grc'><strong>’</strong></span> 
     </span>
     <span class='ocr_line' id='line_1_9' title="bbox 361 1447 1710 1534; baseline 0 -24"><span class='ocrx_word' id='word_1_81' title='bbox 361 1467 454 1511; x_wconf 87' lang='lat' dir='ltr'>amor</span> <span class='ocrx_word' id='word_1_82' title='bbox 481 1447 554 1525; x_wconf 91' lang='lat' dir='ltr'>Dei,</span> <span class='ocrx_word' id='word_1_83' title='bbox 582 1458 618 1513; x_wconf 94' lang='lat' dir='ltr'>ut</span> <span class='ocrx_word' id='word_1_84' title='bbox 646 1450 706 1514; x_wconf 92' lang='lat' dir='ltr'>tibi</span> <span class='ocrx_word' id='word_1_85' title='bbox 736 1469 883 1515; x_wconf 85' lang='lat' dir='ltr'>amarum</span> <span class='ocrx_word' id='word_1_86' title='bbox 911 1451 1018 1534; x_wconf 85' lang='lat' dir='ltr'>sapiat</span> <span class='ocrx_word' id='word_1_87' title='bbox 1045 1451 1078 1514; x_wconf 94' lang='lat' dir='ltr'>in</span> <span class='ocrx_word' id='word_1_88' title='bbox 1108 1451 1217 1516; x_wconf 91' lang='lat' dir='ltr'>anima</span> <span class='ocrx_word' id='word_1_89' title='bbox 1244 1451 1333 1534; x_wconf 93' lang='lat' dir='ltr'>quod</span> <span class='ocrx_word' id='word_1_90' title='bbox 1361 1450 1457 1514; x_wconf 94' lang='lat' dir='ltr'>dulce</span> <span class='ocrx_word' id='word_1_91' title='bbox 1483 1448 1545 1512; x_wconf 86' lang='lat' dir='ltr'>luit</span> <span class='ocrx_word' id='word_1_92' title='bbox 1574 1448 1607 1512; x_wconf 95' lang='lat' dir='ltr'>in</span> <span class='ocrx_word' id='word_1_93' title='bbox 1632 1447 1710 1522; x_wconf 89' lang='lat' dir='ltr'>vita,</span> 
     </span>
    </p>
   </div>
   <div class='ocr_carea' id='block_1_3' title="bbox 362 1568 1802 1655">
    <p class='ocr_par' dir='ltr' id='par_1_3' title="bbox 362 1568 1802 1655">
     <span class='ocr_line' id='line_1_10' title="bbox 362 1568 1802 1655; baseline -0.001 -23"><span class='ocrx_word' id='word_1_94' title='bbox 362 1577 396 1632; x_wconf 92' lang='lat' dir='ltr'>et</span> <span class='ocrx_word' id='word_1_95' title='bbox 426 1570 516 1650; x_wconf 91' lang='lat' dir='ltr'>quod</span> <span class='ocrx_word' id='word_1_96' title='bbox 545 1579 581 1634; x_wconf 92' lang='lat' dir='ltr'>te</span> <span class='ocrx_word' id='word_1_97' title='bbox 610 1569 699 1652; x_wconf 89' lang='lat' dir='ltr'>prius</span> <span class='ocrx_word' id='word_1_98' title='bbox 728 1571 916 1636; x_wconf 90' lang='lat' dir='ltr'>delectabat</span> <span class='ocrx_word' id='word_1_99' title='bbox 946 1572 980 1634; x_wconf 94' lang='lat' dir='ltr'>in</span> <span class='ocrx_word' id='word_1_100' title='bbox 1010 1592 1154 1655; x_wconf 91' lang='lat' dir='ltr'>corpore,</span> <span class='ocrx_word' id='word_1_101' title='bbox 1185 1572 1294 1655; x_wconf 89' lang='lat' dir='ltr'>ipsum</span> <span class='ocrx_word' id='word_1_102' title='bbox 1324 1579 1358 1635; x_wconf 91' lang='lat' dir='ltr'>te</span> <span class='ocrx_word' id='word_1_103' title='bbox 1388 1571 1509 1635; x_wconf 86' lang='lat' dir='ltr'>cruciet</span> <span class='ocrx_word' id='word_1_104' title='bbox 1538 1569 1571 1632; x_wconf 95' lang='lat' dir='ltr'>in</span> <span class='ocrx_word' id='word_1_105' title='bbox 1600 1568 1710 1632; x_wconf 92' lang='lat' dir='ltr'>corde.</span> <span class='ocrx_word' id='word_1_106' title='bbox 1798 1623 1802 1630; x_wconf 84' lang='lat'>.</span> 
     </span>
    </p>
   </div>
   <div class='ocr_carea' id='block_1_4' title="bbox 361 1687 1719 4180">
    <p class='ocr_par' dir='ltr' id='par_1_4' title="bbox 361 1687 1719 4180">
     <span class='ocr_line' id='line_1_11' title="bbox 361 1687 1712 1780; baseline -0.002 -27"><span class='ocrx_word' id='word_1_107' title='bbox 361 1688 438 1770; x_wconf 89' lang='lat' dir='ltr'>Jam</span> <span class='ocrx_word' id='word_1_108' title='bbox 465 1699 545 1756; x_wconf 91' lang='lat' dir='ltr'>tunc</span> <span class='ocrx_word' id='word_1_109' title='bbox 569 1691 654 1756; x_wconf 90' lang='lat' dir='ltr'>bene</span> <span class='ocrx_word' id='word_1_110' title='bbox 680 1693 864 1776; x_wconf 90' lang='lat' dir='ltr'>ingemistis</span> <span class='ocrx_word' id='word_1_111' title='bbox 886 1690 959 1780; x_wconf 79' lang='lat' dir='ltr'>(sic)</span> <span class='ocrx_word' id='word_1_112' title='bbox 981 1694 1023 1758; x_wconf 89' lang='lat' dir='ltr'>ad</span> <span class='ocrx_word' id='word_1_113' title='bbox 1051 1694 1162 1758; x_wconf 92' lang='lat' dir='ltr'>Deum</span> <span class='ocrx_word' id='word_1_114' title='bbox 1189 1704 1223 1758; x_wconf 92' lang='lat' dir='ltr'>et</span> <span class='ocrx_word' id='word_1_115' title='bbox 1249 1692 1352 1757; x_wconf 91' lang='lat' dir='ltr'>dicis:</span> <span class='ocrx_word' id='word_1_116' title='bbox 1382 1690 1459 1754; x_wconf 91' lang='lat' dir='ltr'>Tibi</span> <span class='ocrx_word' id='word_1_117' title='bbox 1482 1690 1543 1754; x_wconf 92' lang='lat' dir='ltr'>soli</span> <span class='ocrx_word' id='word_1_118' title='bbox 1569 1687 1712 1772; x_wconf 87' lang='lat' dir='ltr'>peccavi,</span> 
     </span>
     <span class='ocr_line' id='line_1_12' title="bbox 362 1808 1712 1897; baseline -0.004 -21"><span class='ocrx_word' id='word_1_119' title='bbox 362 1812 407 1876; x_wconf 90' lang='lat' dir='ltr'>da</span> <span class='ocrx_word' id='word_1_120' title='bbox 429 1811 685 1876; x_wconf 88' lang='lat' dir='ltr'>misericordiam</span> <span class='ocrx_word' id='word_1_121' title='bbox 705 1815 833 1890; x_wconf 88' lang='lat' dir='ltr'>misero,</span> <span class='ocrx_word' id='word_1_122' title='bbox 853 1815 909 1896; x_wconf 93' lang='lat' dir='ltr'>qui</span> <span class='ocrx_word' id='word_1_123' title='bbox 929 1814 1057 1878; x_wconf 87' lang='lat' dir='ltr'>tamdiu</span> <span class='ocrx_word' id='word_1_124' title='bbox 1078 1813 1251 1897; x_wconf 88' lang='lat' dir='ltr'>pepercisti</span> <span class='ocrx_word' id='word_1_125' title='bbox 1274 1812 1458 1877; x_wconf 93' lang='lat' dir='ltr'>criminoso.</span> <span class='ocrx_word' id='word_1_126' title='bbox 1505 1809 1646 1874; x_wconf 93' lang='lat' dir='ltr'>Inclinet</span> <span class='ocrx_word' id='word_1_127' title='bbox 1667 1808 1712 1872; x_wconf 91' lang='lat' dir='ltr'>ad</span> 
     </span>
     <span class='ocr_line' id='line_1_13' title="bbox 363 1929 1712 2018; baseline -0.002 -24"><span class='ocrx_word' id='word_1_128' title='bbox 363 1931 545 1996; x_wconf 89' lang='lat' dir='ltr'>remedium</span> <span class='ocrx_word' id='word_1_129' title='bbox 581 1933 751 1997; x_wconf 83' lang='lat' dir='ltr'>humilitas</span> <span class='ocrx_word' id='word_1_130' title='bbox 784 1934 986 2018; x_wconf 87' lang='lat' dir='ltr'>poenitentis,</span> <span class='ocrx_word' id='word_1_131' title='bbox 1024 1955 1122 2017; x_wconf 93' lang='lat' dir='ltr'>quem</span> <span class='ocrx_word' id='word_1_132' title='bbox 1159 1953 1352 2017; x_wconf 90' lang='lat' dir='ltr'>permonere</span> <span class='ocrx_word' id='word_1_133' title='bbox 1389 1951 1456 1996; x_wconf 90' lang='lat' dir='ltr'>non</span> <span class='ocrx_word' id='word_1_134' title='bbox 1492 1930 1602 2014; x_wconf 91' lang='lat' dir='ltr'>potuit</span> <span class='ocrx_word' id='word_1_135' title='bbox 1640 1929 1712 1992; x_wconf 89' lang='lat' dir='ltr'>diu·</span> 
     </span>
     <span class='ocr_line' id='line_1_14' title="bbox 362 2051 1712 2137; baseline -0.004 -19"><span class='ocrx_word' id='word_1_136' title='bbox 362 2054 503 2118; x_wconf 88' lang='lat' dir='ltr'>turnitas</span> <span class='ocrx_word' id='word_1_137' title='bbox 532 2054 660 2135; x_wconf 92' lang='lat' dir='ltr'>peccati</span> <span class='ocrx_word' id='word_1_138' title='bbox 689 2055 879 2137; x_wconf 91' lang='lat' dir='ltr'>peccatoris.</span> <span class='ocrx_word' id='word_1_139' title='bbox 935 2055 998 2119; x_wconf 94' lang='lat' dir='ltr'>Dic</span> <span class='ocrx_word' id='word_1_140' title='bbox 1025 2055 1071 2118; x_wconf 93' lang='lat' dir='ltr'>illi</span> <span class='ocrx_word' id='word_1_141' title='bbox 1101 2056 1135 2118; x_wconf 95' lang='lat' dir='ltr'>in</span> <span class='ocrx_word' id='word_1_142' title='bbox 1161 2053 1240 2119; x_wconf 90' lang='lat' dir='ltr'>fletu</span> <span class='ocrx_word' id='word_1_143' title='bbox 1272 2053 1400 2118; x_wconf 91' lang='lat' dir='ltr'>cordis:</span> <span class='ocrx_word' id='word_1_144' title='bbox 1432 2051 1559 2134; x_wconf 89' lang='lat' dir='ltr'>Aspice</span> <span class='ocrx_word' id='word_1_145' title='bbox 1586 2051 1630 2114; x_wconf 90' lang='lat' dir='ltr'>ad</span> <span class='ocrx_word' id='word_1_146' title='bbox 1657 2069 1712 2112; x_wconf 90' lang='lat' dir='ltr'>me</span> 
     </span>
     <span class='ocr_line' id='line_1_15' title="bbox 363 2170 1712 2260; baseline -0.003 -22"><span class='ocrx_word' id='word_1_147' title='bbox 363 2173 531 2244; x_wconf 78' lang='lat' dir='ltr'>infelicem</span> <span class='ocrx_word' id='word_1_148' title='bbox 547 2175 671 2257; x_wconf 87' lang='lat' dir='ltr'>pietate</span> <span class='ocrx_word' id='word_1_149' title='bbox 693 2176 862 2254; x_wconf 88' lang='lat' dir='ltr'>immensa,</span> <span class='ocrx_word' id='word_1_150' title='bbox 886 2178 1010 2260; x_wconf 88' lang='lat' dir='ltr'>respice</span> <span class='ocrx_word' id='word_1_151' title='bbox 1036 2175 1202 2240; x_wconf 85' lang='lat' dir='ltr'>crudelem</span> <span class='ocrx_word' id='word_1_152' title='bbox 1230 2173 1450 2238; x_wconf 84' lang='lat' dir='ltr'>misericordia</span> <span class='ocrx_word' id='word_1_153' title='bbox 1474 2170 1614 2254; x_wconf 88' lang='lat' dir='ltr'>publica,</span> <span class='ocrx_word' id='word_1_154' title='bbox 1637 2171 1712 2234; x_wconf 89' lang='lat' dir='ltr'>des·</span> 
     </span>
     <span class='ocr_line' id='line_1_16' title="bbox 362 2291 1712 2378; baseline -0.003 -20"><span class='ocrx_word' id='word_1_155' title='bbox 362 2304 504 2378; x_wconf 91' lang='lat' dir='ltr'>peratus,</span> <span class='ocrx_word' id='word_1_156' title='bbox 535 2313 580 2359; x_wconf 90' lang='lat' dir='ltr'>sc.</span> <span class='ocrx_word' id='word_1_157' title='bbox 604 2296 648 2359; x_wconf 92' lang='lat' dir='ltr'>de</span> <span class='ocrx_word' id='word_1_158' title='bbox 676 2295 798 2360; x_wconf 91' lang='lat' dir='ltr'>viribus</span> <span class='ocrx_word' id='word_1_159' title='bbox 828 2296 917 2372; x_wconf 89' lang='lat' dir='ltr'>meis,</span> <span class='ocrx_word' id='word_1_160' title='bbox 945 2297 989 2361; x_wconf 90' lang='lat' dir='ltr'>ad</span> <span class='ocrx_word' id='word_1_161' title='bbox 1019 2297 1284 2378; x_wconf 89' lang='lat' dir='ltr'>omnipotentem</span> <span class='ocrx_word' id='word_1_162' title='bbox 1314 2293 1420 2370; x_wconf 89' lang='lat' dir='ltr'>venio,</span> <span class='ocrx_word' id='word_1_163' title='bbox 1450 2291 1639 2356; x_wconf 91' lang='lat' dir='ltr'>vulneratus</span> <span class='ocrx_word' id='word_1_164' title='bbox 1668 2291 1712 2355; x_wconf 92' lang='lat' dir='ltr'>ad</span> 
     </span>
     <span class='ocr_line' id='line_1_17' title="bbox 363 2413 1713 2500; baseline -0.001 -22"><span class='ocrx_word' id='word_1_165' title='bbox 363 2416 528 2480; x_wconf 91' lang='lat' dir='ltr'>medicum</span> <span class='ocrx_word' id='word_1_166' title='bbox 552 2433 654 2492; x_wconf 85' lang='lat' dir='ltr'>curru,</span> <span class='ocrx_word' id='word_1_167' title='bbox 678 2437 771 2481; x_wconf 91' lang='lat' dir='ltr'>serva</span> <span class='ocrx_word' id='word_1_168' title='bbox 796 2417 954 2500; x_wconf 89' lang='lat' dir='ltr'>pietatem</span> <span class='ocrx_word' id='word_1_169' title='bbox 981 2417 1251 2494; x_wconf 86' lang='lat' dir='ltr'>mansuetudinis,</span> <span class='ocrx_word' id='word_1_170' title='bbox 1278 2418 1333 2499; x_wconf 93' lang='lat' dir='ltr'>qui</span> <span class='ocrx_word' id='word_1_171' title='bbox 1359 2413 1486 2480; x_wconf 90' lang='lat' dir='ltr'>tamdiu</span> <span class='ocrx_word' id='word_1_172' title='bbox 1514 2413 1713 2497; x_wconf 91' lang='lat' dir='ltr'>suspendisti</span> 
     </span>
     <span class='ocr_line' id='line_1_18' title="bbox 363 2533 1714 2619; baseline -0.001 -21"><span class='ocrx_word' id='word_1_173' title='bbox 363 2536 510 2619; x_wconf 86' lang='lat' dir='ltr'>gladium</span> <span class='ocrx_word' id='word_1_174' title='bbox 540 2537 697 2616; x_wconf 85' lang='lat' dir='ltr'>ulcionis3</span> <span class='ocrx_word' id='word_1_175' title='bbox 735 2537 809 2603; x_wconf 92' lang='lat' dir='ltr'>dele</span> <span class='ocrx_word' id='word_1_176' title='bbox 839 2539 1109 2604; x_wconf 87' lang='lat' dir='ltr'>numerositatem</span> <span class='ocrx_word' id='word_1_177' title='bbox 1139 2539 1311 2604; x_wconf 90' lang='lat' dir='ltr'>criminum</span> <span class='ocrx_word' id='word_1_178' title='bbox 1346 2536 1557 2602; x_wconf 90' lang='lat' dir='ltr'>multitudine</span> <span class='ocrx_word' id='word_1_179' title='bbox 1588 2533 1714 2599; x_wconf 90' lang='lat' dir='ltr'>miseri·</span> 
     </span>
     <span class='ocr_line' id='line_1_19' title="bbox 363 2657 1713 2743; baseline -0.001 -23"><span class='ocrx_word' id='word_1_180' title='bbox 363 2657 569 2721; x_wconf 67' lang='lat' dir='ltr'>cordiarum?</span> <span class='ocrx_word' id='word_1_181' title='bbox 618 2658 703 2723; x_wconf 86' lang='lat' dir='ltr'>Haec</span> <span class='ocrx_word' id='word_1_182' title='bbox 719 2658 862 2723; x_wconf 88' lang='lat' dir='ltr'>Sanctus</span> <span class='ocrx_word' id='word_1_183' title='bbox 877 2659 1087 2743; x_wconf 84' lang='lat' dir='ltr'>Augustinus</span> <span class='ocrx_word' id='word_1_184' title='bbox 1110 2660 1272 2724; x_wconf 90' lang='lat' dir='ltr'>Sermone</span> <span class='ocrx_word' id='word_1_185' title='bbox 1296 2660 1484 2736; x_wconf 88' lang='lat' dir='ltr'>centesimo,</span> <span class='ocrx_word' id='word_1_186' title='bbox 1505 2663 1539 2724; x_wconf 88' lang='lat'>2⁰</span> <span class='ocrx_word' id='word_1_187' title='bbox 1554 2675 1713 2731; x_wconf 88' lang='lat' dir='ltr'>sermone,</span> 
     </span>
     <span class='ocr_line' id='line_1_20' title="bbox 363 2776 1714 2859; baseline -0.003 -17"><span class='ocrx_word' id='word_1_188' title='bbox 363 2797 408 2842; x_wconf 89' lang='lat' dir='ltr'>sc.</span> <span class='ocrx_word' id='word_1_189' title='bbox 429 2777 574 2842; x_wconf 91' lang='lat' dir='ltr'>secundo</span> <span class='ocrx_word' id='word_1_190' title='bbox 596 2778 650 2842; x_wconf 88' lang='lat' dir='ltr'>De</span> <span class='ocrx_word' id='word_1_191' title='bbox 670 2779 855 2844; x_wconf 88' lang='lat' dir='ltr'>Nativitate</span> <span class='ocrx_word' id='word_1_192' title='bbox 876 2781 1032 2859; x_wconf 93' lang='lat' dir='ltr'>Domini;</span> <span class='ocrx_word' id='word_1_193' title='bbox 1061 2791 1094 2845; x_wconf 89' lang='lat' dir='ltr'>et</span> <span class='ocrx_word' id='word_1_194' title='bbox 1116 2781 1227 2844; x_wconf 89' lang='lat' dir='ltr'>subdit</span> <span class='ocrx_word' id='word_1_195' title='bbox 1247 2781 1280 2843; x_wconf 92' lang='lat' dir='ltr'>in</span> <span class='ocrx_word' id='word_1_196' title='bbox 1303 2779 1421 2844; x_wconf 91' lang='lat' dir='ltr'>eodem</span> <span class='ocrx_word' id='word_1_197' title='bbox 1442 2798 1611 2843; x_wconf 89' lang='lat' dir='ltr'>sermone:</span> <span class='ocrx_word' id='word_1_198' title='bbox 1634 2776 1714 2840; x_wconf 92' lang='lat' dir='ltr'>‘Illa</span> 
     </span>
     <span class='ocr_line' id='line_1_21' title="bbox 364 2898 1715 2983; baseline -0.001 -22"><span class='ocrx_word' id='word_1_199' title='bbox 364 2906 415 2961; x_wconf 86' lang='lat' dir='ltr'>est</span> <span class='ocrx_word' id='word_1_200' title='bbox 429 2918 506 2961; x_wconf 91' lang='lat' dir='ltr'>vera</span> <span class='ocrx_word' id='word_1_201' title='bbox 521 2898 721 2981; x_wconf 89' lang='lat' dir='ltr'>poenitencia</span> <span class='ocrx_word' id='word_1_202' title='bbox 733 2899 866 2982; x_wconf 92' lang='lat' dir='ltr'>quando</span> <span class='ocrx_word' id='word_1_203' title='bbox 882 2901 928 2964; x_wconf 91' lang='lat' dir='ltr'>sic</span> <span class='ocrx_word' id='word_1_204' title='bbox 944 2901 1144 2964; x_wconf 91' lang='lat' dir='ltr'>convertitur</span> <span class='ocrx_word' id='word_1_205' title='bbox 1159 2900 1231 2983; x_wconf 91' lang='lat' dir='ltr'>quis</span> <span class='ocrx_word' id='word_1_206' title='bbox 1247 2909 1284 2963; x_wconf 94' lang='lat' dir='ltr'>ut</span> <span class='ocrx_word' id='word_1_207' title='bbox 1300 2919 1366 2964; x_wconf 92' lang='lat' dir='ltr'>non</span> <span class='ocrx_word' id='word_1_208' title='bbox 1382 2906 1569 2977; x_wconf 89' lang='lat' dir='ltr'>revertatur,</span> <span class='ocrx_word' id='word_1_209' title='bbox 1581 2899 1715 2980; x_wconf 88' lang='lat' dir='ltr'>quando</span> 
     </span>
     <span class='ocr_line' id='line_1_22' title="bbox 364 3018 1713 3104; baseline 0 -24"><span class='ocrx_word' id='word_1_210' title='bbox 364 3018 411 3081; x_wconf 83' lang='lat' dir='ltr'>sic</span> <span class='ocrx_word' id='word_1_211' title='bbox 434 3019 575 3101; x_wconf 88' lang='lat' dir='ltr'>poenitet</span> <span class='ocrx_word' id='word_1_212' title='bbox 598 3028 724 3084; x_wconf 92' lang='lat' dir='ltr'>utnon</span> <span class='ocrx_word' id='word_1_213' title='bbox 747 3029 893 3104; x_wconf 84' lang='lat' dir='ltr'>repetat3</span> <span class='ocrx_word' id='word_1_214' title='bbox 922 3021 1017 3085; x_wconf 90' lang='lat' dir='ltr'>multi</span> <span class='ocrx_word' id='word_1_215' title='bbox 1042 3022 1131 3084; x_wconf 92' lang='lat' dir='ltr'>enim</span> <span class='ocrx_word' id='word_1_216' title='bbox 1157 3021 1289 3084; x_wconf 90' lang='lat' dir='ltr'>assidue</span> <span class='ocrx_word' id='word_1_217' title='bbox 1313 3040 1349 3084; x_wconf 93' lang='lat' dir='ltr'>se</span> <span class='ocrx_word' id='word_1_218' title='bbox 1376 3019 1491 3084; x_wconf 88' lang='lat' dir='ltr'>dicunt</span> <span class='ocrx_word' id='word_1_219' title='bbox 1515 3027 1713 3102; x_wconf 90' lang='lat' dir='ltr'>peccatores,</span> 
     </span>
     <span class='ocr_line' id='line_1_23' title="bbox 365 3138 1716 3224; baseline 0 -22"><span class='ocrx_word' id='word_1_220' title='bbox 365 3147 399 3202; x_wconf 90' lang='lat' dir='ltr'>et</span> <span class='ocrx_word' id='word_1_221' title='bbox 423 3147 496 3203; x_wconf 90' lang='lat' dir='ltr'>tum</span> <span class='ocrx_word' id='word_1_222' title='bbox 522 3138 631 3204; x_wconf 87' lang='lat' dir='ltr'>adhuc</span> <span class='ocrx_word' id='word_1_223' title='bbox 659 3139 804 3204; x_wconf 88' lang='lat' dir='ltr'>delectat</span> <span class='ocrx_word' id='word_1_224' title='bbox 829 3161 886 3205; x_wconf 90' lang='lat' dir='ltr'>eos</span> <span class='ocrx_word' id='word_1_225' title='bbox 912 3161 1056 3224; x_wconf 91' lang='lat' dir='ltr'>peccare,</span> <span class='ocrx_word' id='word_1_226' title='bbox 1082 3141 1242 3224; x_wconf 83' lang='lat' dir='ltr'>professio</span> <span class='ocrx_word' id='word_1_227' title='bbox 1275 3151 1326 3205; x_wconf 92' lang='lat' dir='ltr'>est</span> <span class='ocrx_word' id='word_1_228' title='bbox 1352 3149 1385 3204; x_wconf 91' lang='lat' dir='ltr'>et</span> <span class='ocrx_word' id='word_1_229' title='bbox 1409 3161 1474 3204; x_wconf 93' lang='lat' dir='ltr'>non</span> <span class='ocrx_word' id='word_1_230' title='bbox 1502 3138 1716 3215; x_wconf 84' lang='lat' dir='ltr'>emendaci03</span> 
     </span>
     <span class='ocr_line' id='line_1_24' title="bbox 363 3245 1717 3345; baseline -0.002 -22"><span class='ocrx_word' id='word_1_231' title='bbox 363 3268 536 3324; x_wconf 88' lang='lat' dir='ltr'>accusatur</span> <span class='ocrx_word' id='word_1_232' title='bbox 556 3261 667 3326; x_wconf 88' lang='lat' dir='ltr'>anima</span> <span class='ocrx_word' id='word_1_233' title='bbox 690 3271 723 3325; x_wconf 91' lang='lat' dir='ltr'>et</span> <span class='ocrx_word' id='word_1_234' title='bbox 746 3282 812 3325; x_wconf 94' lang='lat' dir='ltr'>non</span> <span class='ocrx_word' id='word_1_235' title='bbox 834 3271 977 3340; x_wconf 89' lang='lat' dir='ltr'>sanatur,</span> <span class='ocrx_word' id='word_1_236' title='bbox 998 3245 1233 3345; x_wconf 84' lang='lat' dir='ltr'>pronunciatur</span> <span class='ocrx_word' id='word_1_237' title='bbox 1254 3261 1381 3325; x_wconf 84' lang='lat' dir='ltr'>offensa</span> <span class='ocrx_word' id='word_1_238' title='bbox 1402 3261 1460 3325; x_wconf 90' lang='lat' dir='ltr'>sed</span> <span class='ocrx_word' id='word_1_239' title='bbox 1482 3279 1548 3323; x_wconf 92' lang='lat' dir='ltr'>non</span> <span class='ocrx_word' id='word_1_240' title='bbox 1570 3257 1717 3323; x_wconf 92' lang='lat' dir='ltr'>tollitur.’</span> 
     </span>
     <span class='ocr_line' id='line_1_25' title="bbox 366 3375 1717 3462; baseline -0.001 -23"><span class='ocrx_word' id='word_1_241' title='bbox 366 3375 452 3440; x_wconf 83' lang='lat' dir='ltr'>Haec</span> <span class='ocrx_word' id='word_1_242' title='bbox 475 3377 519 3440; x_wconf 93' lang='lat' dir='ltr'>ibi</span> <span class='ocrx_word' id='word_1_243' title='bbox 542 3386 677 3443; x_wconf 89' lang='lat' dir='ltr'>sanctus</span> <span class='ocrx_word' id='word_1_244' title='bbox 699 3379 817 3443; x_wconf 89' lang='lat' dir='ltr'>doctor</span> <span class='ocrx_word' id='word_1_245' title='bbox 836 3377 1053 3462; x_wconf 86' lang='lat' dir='ltr'>Augustinus.</span> <span class='ocrx_word' id='word_1_246' title='bbox 1100 3379 1265 3442; x_wconf 88' lang='lat' dir='ltr'>Dominus</span> <span class='ocrx_word' id='word_1_247' title='bbox 1287 3378 1383 3458; x_wconf 90' lang='lat' dir='ltr'>enirn,</span> <span class='ocrx_word' id='word_1_248' title='bbox 1406 3384 1463 3461; x_wconf 86' lang='lat'>32⁰</span> <span class='ocrx_word' id='word_1_249' title='bbox 1484 3382 1571 3461; x_wconf 80' lang='lat' dir='ltr'>cap0.</span> <span class='ocrx_word' id='word_1_250' title='bbox 1595 3375 1717 3452; x_wconf 85' lang='lat' dir='ltr'>Exodi,</span> 
     </span>
     <span class='ocr_line' id='line_1_26' title="bbox 364 3493 1718 3579; baseline -0.001 -24"><span class='ocrx_word' id='word_1_251' title='bbox 364 3493 514 3575; x_wconf 90' lang='lat' dir='ltr'>placatus</span> <span class='ocrx_word' id='word_1_252' title='bbox 529 3504 588 3570; x_wconf 91' lang='lat' dir='ltr'>est,</span> <span class='ocrx_word' id='word_1_253' title='bbox 604 3513 646 3557; x_wconf 92' lang='lat' dir='ltr'>ne</span> <span class='ocrx_word' id='word_1_254' title='bbox 661 3495 785 3559; x_wconf 91' lang='lat' dir='ltr'>deleret</span> <span class='ocrx_word' id='word_1_255' title='bbox 800 3495 959 3579; x_wconf 92' lang='lat' dir='ltr'>populum</span> <span class='ocrx_word' id='word_1_256' title='bbox 976 3494 1077 3560; x_wconf 90' lang='lat' dir='ltr'>Israel</span> <span class='ocrx_word' id='word_1_257' title='bbox 1091 3505 1207 3560; x_wconf 87' lang='lat' dir='ltr'>orante</span> <span class='ocrx_word' id='word_1_258' title='bbox 1223 3495 1343 3578; x_wconf 89' lang='lat' dir='ltr'>Moyse</span> <span class='ocrx_word' id='word_1_259' title='bbox 1358 3515 1452 3558; x_wconf 90' lang='lat' dir='ltr'>servo</span> <span class='ocrx_word' id='word_1_260' title='bbox 1467 3493 1540 3569; x_wconf 93' lang='lat' dir='ltr'>Dei,</span> <span class='ocrx_word' id='word_1_261' title='bbox 1556 3502 1590 3556; x_wconf 94' lang='lat' dir='ltr'>et</span> <span class='ocrx_word' id='word_1_262' title='bbox 1604 3500 1718 3556; x_wconf 90' lang='lat' dir='ltr'>tamen</span> 
     </span>
     <span class='ocr_line' id='line_1_27' title="bbox 364 3613 1716 3698; baseline -0.001 -21"><span class='ocrx_word' id='word_1_263' title='bbox 364 3633 500 3678; x_wconf 88' lang='lat' dir='ltr'>omnem</span> <span class='ocrx_word' id='word_1_264' title='bbox 522 3634 658 3696; x_wconf 86' lang='lat' dir='ltr'>poenam</span> <span class='ocrx_word' id='word_1_265' title='bbox 680 3615 727 3679; x_wconf 92' lang='lat' dir='ltr'>eis</span> <span class='ocrx_word' id='word_1_266' title='bbox 749 3615 897 3680; x_wconf 86' lang='lat' dir='ltr'>debitam</span> <span class='ocrx_word' id='word_1_267' title='bbox 912 3625 991 3680; x_wconf 90' lang='lat' dir='ltr'>tunc</span> <span class='ocrx_word' id='word_1_268' title='bbox 1014 3637 1080 3680; x_wconf 95' lang='lat' dir='ltr'>non</span> <span class='ocrx_word' id='word_1_269' title='bbox 1101 3616 1235 3680; x_wconf 90' lang='lat' dir='ltr'>dimisit.</span> <span class='ocrx_word' id='word_1_270' title='bbox 1281 3616 1382 3681; x_wconf 91' lang='lat' dir='ltr'>Unde</span> <span class='ocrx_word' id='word_1_271' title='bbox 1403 3625 1528 3698; x_wconf 91' lang='lat' dir='ltr'>postea,</span> <span class='ocrx_word' id='word_1_272' title='bbox 1543 3613 1576 3676; x_wconf 91' lang='lat' dir='ltr'>in</span> <span class='ocrx_word' id='word_1_273' title='bbox 1599 3613 1716 3677; x_wconf 89' lang='lat' dir='ltr'>eodem</span> 
     </span>
     <span class='ocr_line' id='line_1_28' title="bbox 365 3733 1718 3818; baseline -0.002 -20"><span class='ocrx_word' id='word_1_274' title='bbox 365 3740 438 3812; x_wconf 89' lang='lat' dir='ltr'>ca⁰.,</span> <span class='ocrx_word' id='word_1_275' title='bbox 458 3734 623 3799; x_wconf 90' lang='lat' dir='ltr'>Dominus</span> <span class='ocrx_word' id='word_1_276' title='bbox 649 3736 745 3814; x_wconf 87' lang='lat' dir='ltr'>dixit,</span> <span class='ocrx_word' id='word_1_277' title='bbox 768 3737 828 3800; x_wconf 85' lang='lat' dir='ltr'>‘In</span> <span class='ocrx_word' id='word_1_278' title='bbox 848 3738 903 3800; x_wconf 91' lang='lat' dir='ltr'>die</span> <span class='ocrx_word' id='word_1_279' title='bbox 924 3736 1061 3801; x_wconf 91' lang='lat' dir='ltr'>ulcionis</span> <span class='ocrx_word' id='word_1_280' title='bbox 1083 3735 1244 3812; x_wconf 90' lang='lat' dir='ltr'>visitabo,&#39;</span> <span class='ocrx_word' id='word_1_281' title='bbox 1271 3737 1291 3799; x_wconf 89' lang='lat' dir='ltr'>i.</span> <span class='ocrx_word' id='word_1_282' title='bbox 1304 3757 1333 3800; x_wconf 92' lang='lat' dir='ltr'>e.</span> <span class='ocrx_word' id='word_1_283' title='bbox 1358 3735 1494 3818; x_wconf 91' lang='lat' dir='ltr'>puniam</span> <span class='ocrx_word' id='word_1_284' title='bbox 1516 3733 1580 3798; x_wconf 92' lang='lat' dir='ltr'>hoc</span> <span class='ocrx_word' id='word_1_285' title='bbox 1602 3752 1718 3816; x_wconf 92' lang='lat' dir='ltr'>pecca-</span> 
     </span>
     <span class='ocr_line' id='line_1_29' title="bbox 365 3852 1718 3937; baseline -0.002 -19"><span class='ocrx_word' id='word_1_286' title='bbox 365 3861 438 3918; x_wconf 88' lang='lat' dir='ltr'>tum</span> <span class='ocrx_word' id='word_1_287' title='bbox 468 3874 605 3933; x_wconf 90' lang='lat' dir='ltr'>eorum;</span> <span class='ocrx_word' id='word_1_288' title='bbox 636 3866 669 3920; x_wconf 90' lang='lat' dir='ltr'>et</span> <span class='ocrx_word' id='word_1_289' title='bbox 700 3856 839 3920; x_wconf 91' lang='lat' dir='ltr'>Numeri</span> <span class='ocrx_word' id='word_1_290' title='bbox 868 3856 1026 3922; x_wconf 89' lang='lat' dir='ltr'>vicesimo</span> <span class='ocrx_word' id='word_1_291' title='bbox 1047 3864 1084 3937; x_wconf 86' lang='lat'>4⁰</span> <span class='ocrx_word' id='word_1_292' title='bbox 1114 3856 1201 3922; x_wconf 90' lang='lat' dir='ltr'>dixit</span> <span class='ocrx_word' id='word_1_293' title='bbox 1231 3857 1396 3921; x_wconf 92' lang='lat' dir='ltr'>Dominus</span> <span class='ocrx_word' id='word_1_294' title='bbox 1427 3854 1546 3936; x_wconf 92' lang='lat' dir='ltr'>Moysi,</span> <span class='ocrx_word' id='word_1_295' title='bbox 1573 3852 1718 3916; x_wconf 89' lang='lat' dir='ltr'>‘Dimisi</span> 
     </span>
     <span class='ocr_line' id='line_1_30' title="bbox 366 3974 1719 4060; baseline 0 -22"><span class='ocrx_word' id='word_1_296' title='bbox 366 3974 491 4058; x_wconf 92' lang='lat' dir='ltr'>populo</span> <span class='ocrx_word' id='word_1_297' title='bbox 515 3975 628 4038; x_wconf 90' lang='lat' dir='ltr'>Israeli</span> <span class='ocrx_word' id='word_1_298' title='bbox 655 3975 754 4058; x_wconf 91' lang='lat' dir='ltr'>juxta</span> <span class='ocrx_word' id='word_1_299' title='bbox 784 3976 920 4041; x_wconf 91' lang='lat' dir='ltr'>verbum</span> <span class='ocrx_word' id='word_1_300' title='bbox 951 3986 1045 4042; x_wconf 93' lang='lat' dir='ltr'>tuum</span> <span class='ocrx_word' id='word_1_301' title='bbox 1076 3988 1122 4054; x_wconf 92' lang='lat' dir='ltr'>ut,</span> <span class='ocrx_word' id='word_1_302' title='bbox 1153 3998 1208 4056; x_wconf 91' lang='lat' dir='ltr'>sc.,</span> <span class='ocrx_word' id='word_1_303' title='bbox 1235 3997 1292 4042; x_wconf 91' lang='lat' dir='ltr'>eos</span> <span class='ocrx_word' id='word_1_304' title='bbox 1318 3976 1388 4060; x_wconf 91' lang='lat' dir='ltr'>jam</span> <span class='ocrx_word' id='word_1_305' title='bbox 1420 3996 1486 4040; x_wconf 94' lang='lat' dir='ltr'>non</span> <span class='ocrx_word' id='word_1_306' title='bbox 1516 3974 1654 4054; x_wconf 88' lang='lat' dir='ltr'>deleam,</span> <span class='ocrx_word' id='word_1_307' title='bbox 1685 3982 1719 4038; x_wconf 92' lang='lat' dir='ltr'>et</span> 
     </span>
     <span class='ocr_line' id='line_1_31' title="bbox 363 4093 1719 4180; baseline 0 -22"><span class='ocrx_word' id='word_1_308' title='bbox 363 4093 434 4176; x_wconf 88' lang='lat' dir='ltr'>jam</span> <span class='ocrx_word' id='word_1_309' title='bbox 459 4115 526 4158; x_wconf 95' lang='lat' dir='ltr'>non</span> <span class='ocrx_word' id='word_1_310' title='bbox 551 4116 755 4160; x_wconf 86' lang='lat' dir='ltr'>consumam.</span> <span class='ocrx_word' id='word_1_311' title='bbox 811 4096 975 4163; x_wconf 88' lang='lat' dir='ltr'>Attamen</span> <span class='ocrx_word' id='word_1_312' title='bbox 1001 4118 1117 4162; x_wconf 89' lang='lat' dir='ltr'>omnes</span> <span class='ocrx_word' id='word_1_313' title='bbox 1143 4099 1199 4180; x_wconf 94' lang='lat' dir='ltr'>qui</span> <span class='ocrx_word' id='word_1_314' title='bbox 1230 4117 1296 4162; x_wconf 91' lang='lat' dir='ltr'>non</span> <span class='ocrx_word' id='word_1_315' title='bbox 1319 4097 1514 4161; x_wconf 90' lang='lat' dir='ltr'>obedierunt</span> <span class='ocrx_word' id='word_1_316' title='bbox 1540 4094 1612 4160; x_wconf 93' lang='lat' dir='ltr'>voci</span> <span class='ocrx_word' id='word_1_317' title='bbox 1634 4113 1719 4158; x_wconf 81' lang='lat' dir='ltr'>meae</span> 
     </span>
    </p>
   </div>
   <div class='ocr_carea' id='block_1_5' title="bbox 366 4214 1718 4384">
    <p class='ocr_par' dir='ltr' id='par_1_5' title="bbox 366 4214 1718 4384">
     <span class='ocr_line' id='line_1_32' title="bbox 366 4214 1718 4302; baseline -0.001 -24"><span class='ocrx_word' id='word_1_318' title='bbox 366 4235 433 4279; x_wconf 91' lang='lat' dir='ltr'>non</span> <span class='ocrx_word' id='word_1_319' title='bbox 457 4216 617 4282; x_wconf 91' lang='lat' dir='ltr'>videbunt</span> <span class='ocrx_word' id='word_1_320' title='bbox 640 4228 771 4296; x_wconf 90' lang='lat' dir='ltr'>terram,</span> <span class='ocrx_word' id='word_1_321' title='bbox 795 4237 838 4284; x_wconf 91' lang='lat' dir='ltr'>sc.</span> <span class='ocrx_word' id='word_1_322' title='bbox 860 4219 1096 4302; x_wconf 87' lang='lat' dir='ltr'>promissionis,</span> <span class='ocrx_word' id='word_1_323' title='bbox 1121 4218 1179 4282; x_wconf 88' lang='lat' dir='ltr'>lilii</span> <span class='ocrx_word' id='word_1_324' title='bbox 1204 4229 1316 4284; x_wconf 89' lang='lat' dir='ltr'>autem</span> <span class='ocrx_word' id='word_1_325' title='bbox 1342 4218 1441 4283; x_wconf 89' lang='lat' dir='ltr'>vestri</span> <span class='ocrx_word' id='word_1_326' title='bbox 1466 4225 1562 4282; x_wconf 91' lang='lat' dir='ltr'>erunt</span> <span class='ocrx_word' id='word_1_327' title='bbox 1587 4215 1662 4298; x_wconf 84' lang='lat' dir='ltr'>vagi</span> <span class='ocrx_word' id='word_1_328' title='bbox 1686 4214 1718 4278; x_wconf 96' lang='lat' dir='ltr'>in</span> 
     </span>
     <span class='ocr_line' id='line_1_33' title="bbox 1027 4337 1051 4384; baseline 0 0"><span class='ocrx_word' id='word_1_329' title='bbox 1027 4337 1051 4384; x_wconf 82' lang='lat' dir='ltr'>N</span> 
     </span>
    </p>
   </div>
   <div class='ocr_carea' id='block_1_6' title="bbox 0 0 2205 4936">
    <p class='ocr_par' dir='ltr' id='par_1_6' title="bbox 0 0 2205 4936">
     <span class='ocr_line' id='line_1_34' title="bbox 0 0 2205 4936; baseline 0 0"><span class='ocrx_word' id='word_1_330' title='bbox 0 0 2205 4936; x_wconf 95' lang='lat' dir='ltr'> </span> 
     </span>
    </p>
   </div>
  </div>
 </body>
</html>
