4322 4936
480 421 544 469 220
856 411 956 467 LOCI
981 412 1010 465 E
1038 411 1163 466 LIBRO
1199 413 1458 468 VERITATUM.

479 635 552 690 rent
578 648 700 692 uxores
726 628 769 691 de
795 627 882 691 tribu
911 636 945 690 et
971 627 1014 690 de
1041 628 1179 691 nacione
1210 649 1280 704 sua,
1307 637 1344 692 ut
1370 627 1547 694 haereditas
1577 636 1770 712 permaneat
1800 627 1833 690 in

478 747 619 828 familiis,
640 771 682 813 ne
703 750 765 812 sibi
788 750 987 812 misceantur
1007 749 1120 826 tribus,
1141 750 1200 812 sed
1221 750 1268 813 ita
1290 759 1457 825 maneant,
1478 760 1515 814 ut
1535 771 1555 813 a
1576 750 1650 813 Deo
1671 756 1833 831 separatae

478 870 553 948 sint,
569 893 614 935 ex
637 891 704 952 quo
724 879 816 953 patet
834 871 925 952 quod
946 869 1027 934 utile
1048 880 1143 947 esset,
1160 879 1193 934 et
1213 869 1429 953 plurimorum
1452 872 1615 935 malorum
1638 870 1832 946 destruccio‚

478 1001 609 1056 tantum
626 1012 721 1073 reges
737 1001 770 1054 et
786 1011 924 1074 magnos
942 991 1096 1054 dominos
1117 1001 1263 1055 terrenos
1282 993 1403 1056 ducere
1418 1014 1538 1057 uxores
1557 1013 1634 1056 suas
1649 994 1692 1056 de
1713 992 1831 1055 eodem

477 1134 589 1196 regne,
608 1122 645 1175 ut
666 1111 844 1176 haereditas
867 1121 1001 1176 maneat
1022 1111 1212 1175 hominibus
1235 1112 1385 1194 ejusdem
1408 1114 1508 1195 regni,
1528 1135 1568 1177 ne
1592 1135 1693 1196 regna
1716 1113 1831 1176 misce·

476 1243 582 1308 antur,
610 1233 669 1295 sed
697 1232 744 1295 ita
771 1241 928 1295 maneant
955 1240 992 1294 ut
1018 1252 1038 1294 a
1066 1232 1213 1295 Domino
1239 1243 1393 1315 separata
1423 1243 1508 1312 sunt,
1539 1253 1584 1296 sc.
1615 1254 1674 1316 per
1703 1232 1832 1296 diversa

478 1355 590 1432 maria,
617 1361 651 1416 et
673 1352 853 1435 aliquando
879 1373 938 1434 per
964 1354 1103 1431 deserta,
1130 1363 1163 1416 et
1188 1373 1248 1436 per
1275 1363 1424 1429 montes3
1456 1363 1492 1417 ut
1522 1355 1651 1417 diversa
1681 1373 1783 1434 regna
1811 1373 1832 1415 a

477 1473 614 1538 diversis
647 1483 681 1536 et
714 1494 734 1535 a
767 1474 907 1555 propriis
940 1473 1055 1537 incolis
1087 1474 1356 1556 gubernarentur,
1391 1495 1432 1538 ne
1464 1474 1606 1538 ambicio
1639 1473 1831 1538 dominandi

477 1597 625 1677 dampna
654 1593 772 1657 inserat
802 1594 958 1676 utrisque,
983 1594 1038 1657 ubi
1069 1615 1128 1657 rex
1159 1595 1282 1658 divisus
1313 1605 1364 1658 est
1394 1595 1426 1657 in
1458 1594 1551 1677 plura
1579 1604 1613 1658 et
1642 1594 1675 1657 in
1707 1593 1832 1676 majora

475 1716 561 1780 forte
583 1736 684 1798 quam
708 1736 821 1798 regere
844 1715 957 1798 possit.

563 1845 601 1912 [p.
619 1844 690 1911 oon]
727 1845 812 1900 Rex.
851 1835 945 1900 Ante
969 1837 1151 1900 Henricum
1176 1835 1320 1899 Sextum
1343 1857 1513 1918 nunquam
1535 1837 1596 1902 fuit
1619 1859 1678 1901 rex
1702 1838 1735 1899 in
1758 1836 1831 1899 An·

475 1958 543 2042 glia
565 1959 621 2040 qui
645 1958 780 2022 retinuit
802 1979 914 2021 secum
940 1958 1086 2040 aliquem
1114 1959 1306 2041 episcopum
1333 1959 1365 2021 in
1393 1959 1483 2022 curia
1511 1980 1571 2022 sua
1602 1960 1662 2022 nisi
1690 1979 1748 2041 per
1773 1979 1831 2022 an-

477 2101 555 2143 num
575 2080 626 2142 vel
647 2100 705 2162 per
725 2080 824 2155 diem,
840 2101 900 2143 nec
923 2079 1042 2161 aliquis
1063 2101 1123 2143 rex
1144 2090 1223 2143 ante
1243 2101 1319 2143 eum
1337 2080 1454 2144 habuit
1473 2081 1664 2162 episcopum
1685 2080 1829 2162 aliquem

475 2202 507 2264 in
531 2221 627 2264 suum
651 2199 882 2277 confessorem,
906 2201 964 2263 sed
990 2221 1092 2262 unum
1117 2201 1240 2263 bonum
1266 2202 1436 2264 doctorem
1461 2201 1494 2264 in
1517 2199 1720 2282 Theologia3
1745 2200 1828 2264 etsi

475 2344 534 2386 rex
561 2321 679 2403 aliquis
702 2343 801 2386 causa
829 2322 890 2384 luit
917 2323 1006 2404 quod
1034 2322 1201 2385 consessor
1227 2343 1304 2385 suus
1332 2323 1391 2386 luit
1419 2323 1543 2386 electus
1570 2323 1602 2385 in
1628 2323 1830 2404 episcopum,

476 2465 557 2507 mox
579 2443 702 2506 remisit
726 2454 758 2507 et
782 2443 965 2507 licenciavit
989 2465 1064 2507 eum
1088 2445 1134 2507 ire
1157 2445 1302 2508 insuam
1325 2453 1497 2518 curam‚et
1521 2464 1689 2526 nunquam
1713 2453 1831 2524 postea

474 2565 646 2646 occupavit
676 2565 820 2626 officium
848 2564 1043 2628 confessoris
1067 2565 1168 2647 regii;
1199 2575 1231 2627 et
1254 2574 1332 2627 tunc
1356 2565 1507 2627 doctores
1537 2563 1668 2627 suerunt
1699 2584 1829 2645 magnae

474 2686 623 2750 scienciae
661 2695 694 2748 et
731 2685 874 2760 honoris,
906 2697 939 2749 et
976 2687 1073 2768 positi
1112 2687 1145 2747 in
1186 2686 1385 2748 sessionibus
1423 2697 1456 2748 et
1493 2685 1695 2748 stacionibus
1731 2705 1830 2766 supra

475 2806 598 2870 milites
622 2816 655 2869 et
681 2826 780 2887 supra
805 2807 949 2869 decanos
976 2816 1009 2868 et
1032 2805 1299 2882 archidiaconos;
1331 2815 1364 2868 et
1388 2826 1481 2886 reges
1505 2807 1621 2869 dicunt
1644 2804 1714 2887 jam
1738 2806 1828 2887 quod

474 2937 612 3010 possunt
648 2926 772 2990 habere
809 2947 893 3008 quos
922 2926 1038 2990 volunt
1068 2948 1088 2988 a
1119 2926 1203 2989 curis
1241 2947 1363 3002 eorum,
1395 2935 1427 2989 et
1457 2926 1500 2988 ab
1533 2927 1699 3003 ecclesiis;
1737 2936 1771 2989 et
1800 2926 1827 2988 si

474 3057 630 3111 maneant
662 3068 738 3111 cum
770 3047 900 3129 regibus
930 3057 963 3110 et
994 3047 1136 3110 dominis
1165 3047 1199 3108 in
1230 3067 1344 3110 eorum
1374 3048 1479 3124 curiis,
1507 3049 1621 3110 dicunt
1651 3047 1739 3128 quod
1770 3067 1828 3108 ex-

473 3179 665 3233 cusarentur
698 3169 741 3231 de
779 3188 844 3231 non
880 3169 1061 3232 residencia
1092 3171 1124 3231 in
1156 3170 1223 3231 suis
1258 3169 1342 3232 curis
1380 3190 1438 3250 per
1470 3168 1623 3251 papalem
1657 3168 1827 3232 licenciam

474 3290 606 3374 regibus
632 3299 666 3352 et
690 3289 833 3353 dominis
861 3310 1061 3353 concessam.
1117 3291 1213 3364 Item,
1236 3289 1306 3370 jam
1330 3291 1475 3372 episcopi
1500 3290 1615 3354 dicunt
1639 3289 1729 3371 quod
1755 3288 1828 3370 qui-

474 3431 603 3492 cunque
630 3421 772 3474 rectores
797 3410 850 3473 vel
880 3411 990 3474 vicarii
1017 3432 1086 3474 suae
1113 3411 1252 3474 diocesis
1283 3420 1475 3474 remaneant
1504 3411 1536 3472 in
1565 3409 1652 3474 curia
1682 3407 1826 3491 episcopi

472 3531 525 3594 vel
548 3530 582 3593 in
606 3531 714 3594 officio
738 3531 893 3613 episcopi,
918 3541 1092 3594 censentur
1115 3553 1158 3594 ex
1178 3531 1252 3613 jure
1276 3532 1422 3595 ecclesiae
1450 3531 1591 3594 residere
1615 3531 1753 3613 propriis
1775 3551 1828 3594 ec-

473 3652 580 3716 clesiis
611 3661 644 3715 et
675 3652 708 3713 in
734 3651 874 3733 propriis
905 3652 1000 3714 curis.
1056 3649 1138 3714 Vae!
1173 3652 1241 3715 vae!
1277 3653 1345 3716 vae!
1379 3652 1442 3716 illis
1473 3652 1529 3734 qui
1560 3653 1707 3715 condunt
1737 3651 1827 3732 leges

472 3775 610 3856 iniquas,
635 3783 669 3838 et
692 3775 748 3856 qui
772 3774 886 3837 dicunt
910 3773 1034 3836 malum
1056 3795 1129 3838 esse
1151 3774 1294 3838 bonuml

559 3905 595 3971 [p.
612 3903 683 3973 609]
716 3903 881 3969 Regnum.
906 3895 1060 3977 Regnum
1081 3894 1225 3978 Angliae,
1243 3895 1275 3958 in
1291 3905 1441 3976 tempore
1463 3894 1599 3958 Henrici
1616 3893 1722 3968 Sexti,
1742 3891 1828 3955 mul·

471 4015 637 4099 tiplicibus
652 4017 797 4098 peccatis
820 4015 881 4079 fuit
900 4016 1051 4093 divisum,
1066 4025 1138 4078 tum
1157 4026 1294 4098 propter
1311 4025 1448 4098 peccata
1467 4016 1613 4098 capitum
1630 4023 1663 4077 et
1678 4013 1828 4077 subdito·

472 4157 554 4214 rum,
569 4146 641 4200 tum
660 4147 794 4220 propter
814 4136 1052 4201 alienacionem
1073 4137 1305 4218 temporalium
1326 4137 1488 4200 bonorum
1504 4144 1537 4198 et
1556 4134 1656 4198 annui
1679 4134 1828 4197 redditus

472 4259 540 4340 regi
565 4258 699 4341 Angliae
726 4269 759 4323 et
784 4280 914 4323 coronae
938 4259 1009 4342 ejus
1033 4259 1292 4341 pertinencium3
1320 4269 1353 4323 et
1380 4259 1514 4340 quando
1539 4257 1736 4340 Margareta,
1761 4254 1828 4318 filia
