4378 4936
460 375 520 460 158
826 375 936 436 'LOCI
962 381 992 433 E
1020 379 1144 434 LIBRO
1180 377 1438 432 VERITATUM.

460 600 639 680 Columnis
667 598 858 683 nepotulum
884 597 1019 662 Martini
1041 596 1157 680 quinti,
1177 595 1233 678 qui
1256 596 1324 658 duo
1349 593 1535 657 habuerunt
1557 591 1810 675 plurimabona

457 733 587 786 terrena
606 742 626 785 a
644 719 791 784 Martino
813 720 930 802 quinto
952 728 1030 802 post
1053 729 1194 782 mortem
1213 716 1293 798 ejus,
1308 724 1424 779 contra
1443 713 1651 779 voluntatem
1667 711 1810 795 Eugenii

457 842 543 926 iiij²¹3
574 853 609 907 et
632 841 797 906 Nicholao
824 841 940 922 quinto
969 840 1127 903 successit
1156 859 1244 921 papa
1268 837 1412 901 Calistus
1435 836 1489 919 iijr,
1513 857 1602 900 anno
1627 835 1688 898 Xti
1718 843 1810 912 1455,

458 965 515 1048 qui
545 963 578 1026 in
605 962 696 1026 bulla
723 983 791 1040 sua,
815 981 916 1044 quam
946 960 1013 1023 vidi
1038 959 1193 1034 Oxoniae‚
1219 959 1332 1022 scribit
1361 978 1482 1022 nomen
1512 977 1608 1020 suum
1640 956 1812 1032 Calistum,

460 1107 527 1150 ηοη
550 1084 750 1160 Kalixtum3
776 1091 810 1146 et
834 1082 1041 1164 intempore
1064 1101 1161 1164 papae
1184 1078 1337 1144 Nicholai
1360 1079 1476 1160 quinti,
1499 1087 1533 1142 et
1555 1089 1705 1162 tempore
1727 1076 1813 1158 regis

459 1205 595 1289 Angliae
619 1203 754 1268 Henrici
771 1202 879 1278 Sexti,
903 1202 965 1266 suit
987 1202 1102 1266 civitas
1126 1199 1432 1283 Constantinopolis
1453 1209 1560 1281 capta,
1583 1199 1672 1264 etin
1696 1217 1813 1262 manus

460 1326 644 1391 Turcorum
674 1343 879 1408 paganorum
913 1323 1048 1397 tradita,
1081 1343 1143 1404 per
1174 1321 1324 1384 fraudem
1355 1329 1390 1385 et
1419 1321 1636 1404 cupiditatem
1668 1320 1814 1402 Jannen·

461 1448 556 1522 sium,
588 1455 622 1510 et
652 1445 768 1508 Xtiani
797 1465 819 1507 a
847 1443 981 1507 civitate
1013 1442 1070 1506 illa
1098 1451 1178 1507 ωηο
1215 1441 1346 1524 expulsi
1378 1441 1432 1505 vel
1464 1443 1562 1506 occisi
1599 1441 1738 1517 suerunt,
1768 1441 1814 1506 ad

462 1587 636 1632 numerum
666 1563 906 1648 quinquaginta
936 1563 1040 1628 millia
1071 1563 1214 1628 virorum
1247 1574 1280 1628 et
1315 1563 1488 1627 mulierum
1520 1573 1554 1627 et
1579 1563 1746 1646 juvenum,
1776 1572 1815 1626 ut

462 1689 530 1753 vidi
558 1689 717 1769 scriptum
747 1686 781 1748 in
807 1685 903 1749 litera
927 1686 1028 1750 missa
1056 1706 1077 1748 a
1107 1685 1217 1748 Roma
1241 1684 1393 1763 Oxoniae,
1416 1694 1450 1748 et
1473 1705 1594 1748 nomen
1626 1684 1815 1767 principalis

462 1809 563 1874 Turci
589 1817 669 1872 tunc
692 1806 754 1872 luit
782 1805 993 1871 Macometus
1020 1806 1102 1889 Bey,
1129 1807 1150 1869 i.
1166 1826 1194 1869 e.
1216 1806 1380 1883 dominus,
1406 1806 1462 1886 qui
1488 1805 1629 1888 plurima
1652 1805 1742 1869 mala
1765 1805 1815 1867 in·

463 1930 539 1996 tulit
563 1929 718 2006 Xtianis;
746 1937 780 1992 et
803 1937 883 1992 tunc
908 1930 1044 1992 recessit
1070 1929 1113 1992 ab
1136 1927 1330 1991 obediencia
1351 1927 1438 2010 regis
1462 1926 1598 2009 Angliae
1621 1927 1816 2010 Andegavis

463 2055 497 2117 in
519 2051 729 2134 Andegavia,
750 2059 785 2114 et
809 2048 1035 2114 Cenomannis
1057 2049 1090 2112 in
1110 2047 1349 2127 Cenomannia,
1372 2069 1455 2130 quas
1478 2071 1538 2113 rex
1560 2049 1704 2134 Angliae,
1722 2049 1816 2112 Hen-

464 2177 549 2239 ricus
563 2173 644 2256 vj‘ffl,
659 2171 721 2236 sub
742 2170 852 2254 sigillo
873 2192 933 2234 suo
953 2191 1084 2252 magno,
1100 2170 1194 2234 dedit
1214 2170 1290 2234 duci
1312 2169 1504 2252 Lotringiae,
1519 2172 1604 2254 patri
1628 2181 1706 2236 tunc
1727 2171 1817 2234 Mar-

463 2305 587 2378 garetae
607 2293 728 2375 reginae
743 2291 886 2374 Angliae‚
902 2301 936 2355 et
955 2290 1143 2354 haeredibus
1163 2291 1313 2373 ejusdem
1336 2291 1438 2370 ducis
1454 2301 1488 2356 et
1502 2293 1569 2356 cito
1589 2301 1666 2374 post
1684 2292 1818 2356 recessit

465 2426 538 2482 tota
559 2413 775 2489 Normannia,
799 2421 833 2475 et
858 2420 932 2475 tota
955 2411 1094 2476 Francia
1116 2412 1159 2474 ab
1183 2411 1378 2475 obediencia
1401 2411 1551 2494 ejusdem
1576 2413 1661 2495 regis
1682 2412 1817 2495 Angliae

468 2534 605 2601 Henrici
619 2532 682 2616 vjfl,
699 2542 735 2596 et
754 2532 856 2596 etiarn
870 2531 1037 2596 Vasconia
1056 2540 1092 2595 et
1111 2531 1320 2614 Burdegalia.
1365 2533 1411 2596 Et
1431 2533 1521 2596 idem
1542 2555 1603 2597 rex
1624 2533 1760 2612 dedita
1782 2553 1818 2598 se

466 2667 501 2722 et
522 2656 565 2719 ab
587 2653 775 2718 haeredibus
797 2653 873 2730 suis,
890 2654 983 2734 quasi
1007 2672 1123 2715 omnes
1138 2662 1241 2717 terras
1263 2663 1299 2716 et
1317 2663 1424 2718 castra
1442 2673 1573 2717 coronae
1588 2653 1723 2738 Angliae
1745 2675 1820 2737 per·

466 2776 611 2842 tinencia
636 2773 780 2838 dominis
806 2773 903 2837 certis
929 2774 963 2836 in
989 2772 1124 2856 Anglia,
1150 2783 1185 2838 et
1213 2773 1345 2836 famulis
1369 2775 1490 2838 domus
1516 2774 1615 2858 regiae
1642 2785 1675 2840 et
1704 2795 1818 2840 eorum

466 2895 663 2974 haeredibus,
685 2895 733 2957 ita
752 2894 842 2975 quod
867 2892 923 2958 ille
945 2914 1007 2957 rex
1022 2893 1157 2976 Angliae
1178 2894 1237 2957 vix
1259 2895 1368 2976 potuit
1391 2895 1581 2978 expendere
1603 2896 1646 2959 de
1668 2899 1762 2961 terris
1784 2905 1820 2960 et

467 3015 666 3085 tenementis
684 3014 728 3078 ad
746 3013 892 3078 valorem
908 3015 1150 3097 quadringenta
1171 3015 1348 3093 librarum3
1371 3026 1406 3080 et
1427 3025 1506 3080 tunc
1527 3017 1560 3079 in
1575 3014 1701 3100 Anglia
1722 3017 1819 3081 occisi

464 3140 599 3203 ·fuen1nt
625 3156 685 3219 per
709 3135 879 3218 Anglicos,
906 3136 976 3198 dux
1002 3135 1241 3213 Suthfollchiae,
1261 3135 1448 3199 Willelmus
1477 3136 1579 3211 Pulle‚
1606 3148 1641 3202 et
1664 3137 1820 3218 Jacobus,

468 3269 606 3324 vocatus
637 3257 791 3321 dominus
823 3259 867 3321 de
905 3255 982 3340 Sey,
1013 3268 1048 3322 et
1084 3258 1238 3321 dominus
1268 3256 1454 3320 Willelmus
1488 3257 1616 3334 Haslcv‚
1648 3260 1821 3342 episcopus

470 3379 600 3456 Sarum,
616 3387 651 3441 et
674 3387 752 3442 tunc
775 3378 943 3442 confessor
964 3378 1050 3459 regis
1074 3379 1209 3441 Henrici
1225 3375 1287 3460 vjll,
1302 3387 1336 3441 et
1358 3378 1486 3441 occisus
1507 3377 1569 3441 suit
1591 3399 1650 3460 per
1672 3379 1822 3463 proprios

470 3521 548 3564 suos
571 3500 775 3578 diocesanos,
795 3507 872 3582 post
894 3499 1029 3563 missam
1052 3519 1147 3562 suam
1170 3519 1271 3581 quam
1294 3499 1473 3562 celebravit
1495 3499 1529 3560 in
1555 3499 1609 3563 die
1631 3509 1821 3564 sanctorum

469 3619 696 3702 apostolorum
732 3619 820 3684 Petri
859 3631 894 3684 et
932 3619 1033 3694 Pauli,
1071 3629 1105 3683 et
1144 3620 1264 3683 devote
1304 3620 1431 3702 accepit
1468 3629 1611 3683 mortem
1648 3640 1752 3698 suam,
1785 3629 1823 3684 ut

470 3740 652 3815 dicebatur,
683 3748 717 3803 et
750 3739 837 3803 male
873 3741 1077 3805 tractabatur
1106 3761 1127 3803 a
1154 3741 1222 3803 suis
1255 3740 1438 3804 diocesanis
1474 3741 1622 3825 propriis,
1652 3741 1708 3823 qui
1745 3760 1823 3804 eum

470 3860 677 3936 occidebant,
694 3869 727 3924 et
744 3861 834 3924 bona
851 3881 911 3924 sua
931 3861 1036 3925 multa
1058 3862 1238 3943 rapiebant,
1254 3861 1410 3940 dicentes,
1437 3862 1534 3945 ‘Ipse
1558 3862 1678 3926 mansit
1693 3881 1824 3944 semper

471 4001 548 4044 cum
574 4000 660 4062 rege,
681 3990 715 4045 et
739 3980 803 4046 luit
828 3980 899 4064 ejus
922 3981 1097 4056 confessor,
1121 3990 1155 4046 et
1177 4003 1244 4045 non
1266 3981 1388 4045 mansit
1414 3982 1447 4044 in
1470 4002 1530 4045 sua
1556 3981 1678 4046 diocesi
1702 3981 1823 4047 Sarum

473 4102 654 4181 nobiscum,
684 4121 744 4166 nec
774 4103 881 4169 tenuit
903 4101 1174 4185 hospitalitatem,
1203 4103 1279 4168 ideo
1308 4103 1478 4167 occidetur
1488 4098 1506 4181 ;'
1532 4112 1566 4166 et
1596 4103 1643 4166 sic
1671 4103 1823 4167 verbera·

473 4223 555 4287 bant
582 4243 658 4287 eum
686 4232 719 4287 et
744 4224 977 4306 percuciebant
1006 4245 1092 4298 eum,
1118 4244 1193 4290 cum
1224 4223 1451 4288 instrumentis
1474 4222 1683 4288 horribilibus
1712 4222 1820 4304 ipsum
