<?xml version="1.0" encoding="UTF-8"?>
<!DOCTYPE html PUBLIC "-//W3C//DTD XHTML 1.0 Transitional//EN"
    "http://www.w3.org/TR/xhtml1/DTD/xhtml1-transitional.dtd">
<html xmlns="http://www.w3.org/1999/xhtml" xml:lang="en" lang="en">
 <head>
  <title>
</title>
<meta http-equiv="Content-Type" content="text/html;charset=utf-8" />
  <meta name='ocr-system' content='tesseract 3.04.00' />
  <meta name='ocr-capabilities' content='ocr_page ocr_carea ocr_par ocr_line ocrx_word'/>
</head>
<body>
  <div class='ocr_page' id='page_1' title='image "./locielibroverit01gascgoog_0293.png"; bbox 0 0 4322 4936; ppageno 0'>
   <div class='ocr_carea' id='block_1_1' title="bbox 491 393 1467 467">
    <p class='ocr_par' dir='ltr' id='par_1_1' title="bbox 491 393 1467 467">
     <span class='ocr_line' id='line_1_1' title="bbox 491 393 1467 467; baseline 0.008 -10"><span class='ocrx_word' id='word_1_1' title='bbox 491 393 552 460; x_wconf 89' lang='lat'><strong>180</strong></span> <span class='ocrx_word' id='word_1_2' title='bbox 865 412 965 466; x_wconf 88' lang='lat' dir='ltr'><em>LOCI</em></span> <span class='ocrx_word' id='word_1_3' title='bbox 990 413 1019 465; x_wconf 93' lang='lat' dir='ltr'><em>E</em></span> <span class='ocrx_word' id='word_1_4' title='bbox 1048 413 1173 466; x_wconf 88' lang='lat' dir='ltr'><em>LIBRO</em></span> <span class='ocrx_word' id='word_1_5' title='bbox 1209 411 1467 467; x_wconf 82' lang='lat' dir='ltr'><em>VERITATUM.</em></span> 
     </span>
    </p>
   </div>
   <div class='ocr_carea' id='block_1_2' title="bbox 460 626 1851 3986">
    <p class='ocr_par' dir='ltr' id='par_1_2' title="bbox 488 626 1844 714">
     <span class='ocr_line' id='line_1_2' title="bbox 488 626 1844 714; baseline 0.001 -23"><span class='ocrx_word' id='word_1_6' title='bbox 488 626 662 709; x_wconf 88' lang='lat' dir='ltr'><strong>paciuntur</strong></span> <span class='ocrx_word' id='word_1_7' title='bbox 690 647 789 712; x_wconf 89' lang='lat' dir='ltr'><strong>super</strong></span> <span class='ocrx_word' id='word_1_8' title='bbox 816 628 1017 692; x_wconf 86' lang='lat' dir='ltr'>contricione</span> <span class='ocrx_word' id='word_1_9' title='bbox 1045 627 1203 710; x_wconf 88' lang='lat' dir='ltr'><strong>Josephi‚’</strong></span> <span class='ocrx_word' id='word_1_10' title='bbox 1231 627 1351 704; x_wconf 91' lang='lat' dir='ltr'><strong>Amos,</strong></span> <span class='ocrx_word' id='word_1_11' title='bbox 1378 637 1478 692; x_wconf 88' lang='lat' dir='ltr'><strong>sexto</strong></span> <span class='ocrx_word' id='word_1_12' title='bbox 1509 627 1664 711; x_wconf 88' lang='lat' dir='ltr'><strong>capitulo,</strong></span> <span class='ocrx_word' id='word_1_13' title='bbox 1690 627 1710 692; x_wconf 91' lang='lat' dir='ltr'><strong>i.</strong></span> <span class='ocrx_word' id='word_1_14' title='bbox 1721 649 1747 692; x_wconf 77' lang='lat' dir='ltr'><strong>e,</strong></span> <span class='ocrx_word' id='word_1_15' title='bbox 1778 648 1844 714; x_wconf 79' lang='lat' dir='ltr'><strong>non</strong></span> 
     </span>
    </p>

    <p class='ocr_par' dir='ltr' id='par_1_3' title="bbox 490 749 1846 832">
     <span class='ocr_line' id='line_1_3' title="bbox 490 749 1846 832; baseline 0.003 -22"><span class='ocrx_word' id='word_1_16' title='bbox 490 750 748 832; x_wconf 87' lang='lat' dir='ltr'><strong>compaciuntur,</strong></span> <span class='ocrx_word' id='word_1_17' title='bbox 770 771 830 814; x_wconf 92' lang='lat' dir='ltr'><strong>nec</strong></span> <span class='ocrx_word' id='word_1_18' title='bbox 854 751 968 814; x_wconf 89' lang='lat' dir='ltr'><strong>dolent</strong></span> <span class='ocrx_word' id='word_1_19' title='bbox 990 771 1050 832; x_wconf 91' lang='lat' dir='ltr'><strong>pro</strong></span> <span class='ocrx_word' id='word_1_20' title='bbox 1071 749 1210 831; x_wconf 92' lang='lat' dir='ltr'><strong>illisqui</strong></span> <span class='ocrx_word' id='word_1_21' title='bbox 1231 759 1373 832; x_wconf 91' lang='lat' dir='ltr'><strong>pereunt</strong></span> <span class='ocrx_word' id='word_1_22' title='bbox 1392 771 1451 832; x_wconf 89' lang='lat' dir='ltr'><strong>per</strong></span> <span class='ocrx_word' id='word_1_23' title='bbox 1469 749 1637 815; x_wconf 88' lang='lat' dir='ltr'><strong>delectum</strong></span> <span class='ocrx_word' id='word_1_24' title='bbox 1656 749 1796 826; x_wconf 85' lang='lat' dir='ltr'><strong>noticiae,</strong></span> <span class='ocrx_word' id='word_1_25' title='bbox 1811 760 1846 814; x_wconf 89' lang='lat' dir='ltr'><strong>et</strong></span> 
     </span>
    </p>

    <p class='ocr_par' dir='ltr' id='par_1_4' title="bbox 487 867 1846 954">
     <span class='ocr_line' id='line_1_4' title="bbox 487 867 1846 954; baseline 0.002 -24"><span class='ocrx_word' id='word_1_26' title='bbox 487 867 569 933; x_wconf 93' lang='lat' dir='ltr'><strong>boni</strong></span> <span class='ocrx_word' id='word_1_27' title='bbox 591 879 734 934; x_wconf 86' lang='lat' dir='ltr'><strong>rectores</strong></span> <span class='ocrx_word' id='word_1_28' title='bbox 754 882 787 934; x_wconf 91' lang='lat' dir='ltr'><strong>et</strong></span> <span class='ocrx_word' id='word_1_29' title='bbox 807 871 885 935; x_wconf 93' lang='lat' dir='ltr'><strong>boni</strong></span> <span class='ocrx_word' id='word_1_30' title='bbox 905 870 1051 954; x_wconf 88' lang='lat' dir='ltr'><strong>exempli</strong></span> <span class='ocrx_word' id='word_1_31' title='bbox 1071 870 1156 934; x_wconf 87' lang='lat' dir='ltr'><strong>tales</strong></span> <span class='ocrx_word' id='word_1_32' title='bbox 1177 872 1299 950; x_wconf 92' lang='lat' dir='ltr'><strong>dicunt,</strong></span> <span class='ocrx_word' id='word_1_33' title='bbox 1321 871 1411 934; x_wconf 87' lang='lat' dir='ltr'><strong>‘dies</strong></span> <span class='ocrx_word' id='word_1_34' title='bbox 1434 872 1559 954; x_wconf 86' lang='lat' dir='ltr'>priores</span> <span class='ocrx_word' id='word_1_35' title='bbox 1580 871 1732 934; x_wconf 91' lang='lat' dir='ltr'><strong>meliores</strong></span> <span class='ocrx_word' id='word_1_36' title='bbox 1753 879 1846 934; x_wconf 87' lang='lat' dir='ltr'><strong>erant</strong></span> 
     </span>
    </p>

    <p class='ocr_par' dir='ltr' id='par_1_5' title="bbox 489 991 1845 1074">
     <span class='ocr_line' id='line_1_5' title="bbox 489 991 1845 1074; baseline 0 -20"><span class='ocrx_word' id='word_1_37' title='bbox 489 1010 592 1072; x_wconf 89' lang='lat' dir='ltr'><strong>quam</strong></span> <span class='ocrx_word' id='word_1_38' title='bbox 623 991 695 1056; x_wconf 69' lang='lat' dir='ltr'><strong>isti!</strong></span> <span class='ocrx_word' id='word_1_39' title='bbox 740 991 889 1057; x_wconf 87' lang='lat' dir='ltr'><strong>Stultum</strong></span> <span class='ocrx_word' id='word_1_40' title='bbox 917 1001 968 1055; x_wconf 92' lang='lat' dir='ltr'><strong>est</strong></span> <span class='ocrx_word' id='word_1_41' title='bbox 995 993 1083 1055; x_wconf 90' lang='lat' dir='ltr'><strong>enim</strong></span> <span class='ocrx_word' id='word_1_42' title='bbox 1111 991 1230 1055; x_wconf 83' lang='lat' dir='ltr'><strong>referre</strong></span> <span class='ocrx_word' id='word_1_43' title='bbox 1256 993 1299 1056; x_wconf 90' lang='lat' dir='ltr'><strong>ad</strong></span> <span class='ocrx_word' id='word_1_44' title='bbox 1324 1001 1477 1074; x_wconf 90' lang='lat' dir='ltr'><strong>tempora</strong></span> <span class='ocrx_word' id='word_1_45' title='bbox 1503 1013 1579 1058; x_wconf 89' lang='lat' dir='ltr'><strong>cum</strong></span> <span class='ocrx_word' id='word_1_46' title='bbox 1605 993 1638 1055; x_wconf 93' lang='lat' dir='ltr'><strong>in</strong></span> <span class='ocrx_word' id='word_1_47' title='bbox 1665 1003 1777 1056; x_wconf 91' lang='lat' dir='ltr'><strong>nostra</strong></span> <span class='ocrx_word' id='word_1_48' title='bbox 1801 991 1845 1054; x_wconf 92' lang='lat' dir='ltr'><strong>sit</strong></span> 
     </span>
    </p>

    <p class='ocr_par' dir='ltr' id='par_1_6' title="bbox 462 1111 1846 1318">
     <span class='ocr_line' id='line_1_6' title="bbox 489 1111 1846 1196; baseline 0 -22"><span class='ocrx_word' id='word_1_49' title='bbox 489 1121 657 1194; x_wconf 81' lang='lat' dir='ltr'><strong>potestate</strong></span> <span class='ocrx_word' id='word_1_50' title='bbox 680 1114 732 1177; x_wconf 91' lang='lat' dir='ltr'><strong>vel</strong></span> <span class='ocrx_word' id='word_1_51' title='bbox 758 1113 883 1177; x_wconf 94' lang='lat' dir='ltr'><strong>bonum</strong></span> <span class='ocrx_word' id='word_1_52' title='bbox 908 1114 997 1177; x_wconf 92' lang='lat' dir='ltr'><strong>diem</strong></span> <span class='ocrx_word' id='word_1_53' title='bbox 1022 1113 1129 1177; x_wconf 87' lang='lat' dir='ltr'><strong>iacere</strong></span> <span class='ocrx_word' id='word_1_54' title='bbox 1155 1113 1250 1176; x_wconf 92' lang='lat' dir='ltr'><strong>nobis</strong></span> <span class='ocrx_word' id='word_1_55' title='bbox 1272 1113 1325 1176; x_wconf 91' lang='lat' dir='ltr'><strong>vel</strong></span> <span class='ocrx_word' id='word_1_56' title='bbox 1348 1113 1483 1192; x_wconf 89' lang='lat' dir='ltr'><strong>malum,</strong></span> <span class='ocrx_word' id='word_1_57' title='bbox 1508 1123 1545 1176; x_wconf 91' lang='lat' dir='ltr'><strong>ut</strong></span> <span class='ocrx_word' id='word_1_58' title='bbox 1570 1114 1675 1196; x_wconf 91' lang='lat' dir='ltr'><strong>inquit</strong></span> <span class='ocrx_word' id='word_1_59' title='bbox 1703 1111 1846 1177; x_wconf 87' lang='lat' dir='ltr'><strong>Sanctus</strong></span> 
     </span>
     <span class='ocr_line' id='line_1_7' title="bbox 462 1227 1327 1318; baseline 0 -22"><span class='ocrx_word' id='word_1_60' title='bbox 462 1227 481 1288; x_wconf 61' lang='lat'><strong>,⁸⁴</strong></span> <span class='ocrx_word' id='word_1_61' title='bbox 490 1231 679 1313; x_wconf 87' lang='lat' dir='ltr'><strong>Jeronimus</strong></span> <span class='ocrx_word' id='word_1_62' title='bbox 702 1255 799 1318; x_wconf 90' lang='lat' dir='ltr'><strong>super</strong></span> <span class='ocrx_word' id='word_1_63' title='bbox 821 1233 929 1298; x_wconf 91' lang='lat' dir='ltr'><strong>Amos</strong></span> <span class='ocrx_word' id='word_1_64' title='bbox 952 1233 1160 1317; x_wconf 86' lang='lat' dir='ltr'><strong>prophetam,</strong></span> <span class='ocrx_word' id='word_1_65' title='bbox 1183 1240 1245 1298; x_wconf 86' lang='lat' dir='ltr'><strong>ca⁰.</strong></span> <span class='ocrx_word' id='word_1_66' title='bbox 1269 1231 1327 1316; x_wconf 86' lang='lat' dir='ltr'><strong>vj⁰.</strong></span> 
     </span>
    </p>

    <p class='ocr_par' dir='ltr' id='par_1_7' title="bbox 492 1353 1848 1800">
     <span class='ocr_line' id='line_1_8' title="bbox 578 1353 1846 1439; baseline 0.002 -24"><span class='ocrx_word' id='word_1_67' title='bbox 578 1363 616 1430; x_wconf 83' lang='lat' dir='ltr'><strong>[p.</strong></span> <span class='ocrx_word' id='word_1_68' title='bbox 632 1363 703 1429; x_wconf 87' lang='lat'>411.]</span> <span class='ocrx_word' id='word_1_69' title='bbox 725 1355 841 1438; x_wconf 89' lang='lat' dir='ltr'>Aliqui</span> <span class='ocrx_word' id='word_1_70' title='bbox 856 1367 968 1420; x_wconf 87' lang='lat' dir='ltr'><strong>autem</strong></span> <span class='ocrx_word' id='word_1_71' title='bbox 984 1356 1209 1439; x_wconf 71' lang='lat' dir='ltr'><strong>praedicabant</strong></span> <span class='ocrx_word' id='word_1_72' title='bbox 1225 1356 1330 1419; x_wconf 88' lang='lat' dir='ltr'><strong>sancti</strong></span> <span class='ocrx_word' id='word_1_73' title='bbox 1346 1355 1413 1432; x_wconf 92' lang='lat' dir='ltr'><strong>viri,</strong></span> <span class='ocrx_word' id='word_1_74' title='bbox 1432 1355 1558 1419; x_wconf 91' lang='lat' dir='ltr'><strong>nullum</strong></span> <span class='ocrx_word' id='word_1_75' title='bbox 1574 1353 1688 1418; x_wconf 92' lang='lat' dir='ltr'><strong>thema</strong></span> <span class='ocrx_word' id='word_1_76' title='bbox 1703 1354 1755 1418; x_wconf 91' lang='lat' dir='ltr'><strong>vel</strong></span> <span class='ocrx_word' id='word_1_77' title='bbox 1771 1363 1846 1418; x_wconf 90' lang='lat' dir='ltr'><strong>tex-</strong></span> 
     </span>
     <span class='ocr_line' id='line_1_9' title="bbox 492 1473 1845 1559; baseline 0.001 -23"><span class='ocrx_word' id='word_1_78' title='bbox 492 1480 564 1537; x_wconf 88' lang='lat' dir='ltr'><strong>tum</strong></span> <span class='ocrx_word' id='word_1_79' title='bbox 588 1473 620 1537; x_wconf 93' lang='lat' dir='ltr'><strong>in</strong></span> <span class='ocrx_word' id='word_1_80' title='bbox 644 1477 805 1559; x_wconf 91' lang='lat' dir='ltr'><strong>principio</strong></span> <span class='ocrx_word' id='word_1_81' title='bbox 824 1477 984 1540; x_wconf 89' lang='lat' dir='ltr'><strong>sermonis</strong></span> <span class='ocrx_word' id='word_1_82' title='bbox 1004 1473 1213 1554; x_wconf 84' lang='lat' dir='ltr'><strong>assumendo,</strong></span> <span class='ocrx_word' id='word_1_83' title='bbox 1235 1477 1293 1540; x_wconf 90' lang='lat' dir='ltr'><strong>sed</strong></span> <span class='ocrx_word' id='word_1_84' title='bbox 1315 1485 1422 1540; x_wconf 89' lang='lat' dir='ltr'><strong>certas</strong></span> <span class='ocrx_word' id='word_1_85' title='bbox 1444 1476 1599 1540; x_wconf 89' lang='lat' dir='ltr'><strong>materias</strong></span> <span class='ocrx_word' id='word_1_86' title='bbox 1619 1476 1845 1559; x_wconf 90' lang='lat' dir='ltr'><strong>proponendo,</strong></span> 
     </span>
     <span class='ocr_line' id='line_1_10' title="bbox 492 1595 1848 1680; baseline 0.002 -24"><span class='ocrx_word' id='word_1_87' title='bbox 492 1595 651 1675; x_wconf 88' lang='lat' dir='ltr'><strong>dicentes,</strong></span> <span class='ocrx_word' id='word_1_88' title='bbox 667 1597 808 1677; x_wconf 91' lang='lat' dir='ltr'><strong>‘Hodie,</strong></span> <span class='ocrx_word' id='word_1_89' title='bbox 824 1597 1005 1662; x_wconf 89' lang='lat' dir='ltr'><strong>invocando</strong></span> <span class='ocrx_word' id='word_1_90' title='bbox 1028 1597 1171 1680; x_wconf 80' lang='lat' dir='ltr'><strong>Spiritus</strong></span> <span class='ocrx_word' id='word_1_91' title='bbox 1192 1597 1306 1662; x_wconf 85' lang='lat' dir='ltr'><strong>Sancti</strong></span> <span class='ocrx_word' id='word_1_92' title='bbox 1324 1598 1479 1680; x_wconf 84' lang='lat' dir='ltr'><strong>graciam,</strong></span> <span class='ocrx_word' id='word_1_93' title='bbox 1495 1597 1538 1661; x_wconf 86' lang='lat' dir='ltr'><strong>ad</strong></span> <span class='ocrx_word' id='word_1_94' title='bbox 1557 1596 1773 1679; x_wconf 91' lang='lat' dir='ltr'><strong>aperiendum</strong></span> <span class='ocrx_word' id='word_1_95' title='bbox 1792 1615 1848 1660; x_wconf 88' lang='lat' dir='ltr'><strong>cor</strong></span> 
     </span>
     <span class='ocr_line' id='line_1_11' title="bbox 493 1717 1848 1800; baseline 0 -22"><span class='ocrx_word' id='word_1_96' title='bbox 493 1735 613 1794; x_wconf 91' lang='lat' dir='ltr'><strong>meum,</strong></span> <span class='ocrx_word' id='word_1_97' title='bbox 639 1727 672 1781; x_wconf 92' lang='lat' dir='ltr'><strong>et</strong></span> <span class='ocrx_word' id='word_1_98' title='bbox 699 1718 902 1782; x_wconf 90' lang='lat' dir='ltr'><strong>intellectum</strong></span> <span class='ocrx_word' id='word_1_99' title='bbox 925 1719 1123 1793; x_wconf 88' lang='lat' dir='ltr'><strong>auditorum,</strong></span> <span class='ocrx_word' id='word_1_100' title='bbox 1150 1719 1287 1784; x_wconf 90' lang='lat' dir='ltr'><strong>intendo</strong></span> <span class='ocrx_word' id='word_1_101' title='bbox 1310 1717 1399 1800; x_wconf 93' lang='lat' dir='ltr'><strong>loqui</strong></span> <span class='ocrx_word' id='word_1_102' title='bbox 1426 1718 1519 1781; x_wconf 91' lang='lat' dir='ltr'><strong>vobis</strong></span> <span class='ocrx_word' id='word_1_103' title='bbox 1543 1718 1586 1780; x_wconf 91' lang='lat' dir='ltr'><strong>de</strong></span> <span class='ocrx_word' id='word_1_104' title='bbox 1612 1717 1848 1781; x_wconf 90' lang='lat' dir='ltr'><strong>resurrectione</strong></span> 
     </span>
    </p>

    <p class='ocr_par' dir='ltr' id='par_1_8' title="bbox 460 1837 1848 2050">
     <span class='ocr_line' id='line_1_12' title="bbox 460 1837 1848 1920; baseline 0 -20"><span class='ocrx_word' id='word_1_105' title='bbox 460 1876 469 1911; x_wconf 50' lang='lat'>1</span> <span class='ocrx_word' id='word_1_106' title='bbox 492 1857 513 1899; x_wconf 90' lang='lat' dir='ltr'><strong>a</strong></span> <span class='ocrx_word' id='word_1_107' title='bbox 536 1845 683 1919; x_wconf 91' lang='lat' dir='ltr'><strong>peccat0,</strong></span> <span class='ocrx_word' id='word_1_108' title='bbox 705 1847 739 1902; x_wconf 92' lang='lat' dir='ltr'><strong>et</strong></span> <span class='ocrx_word' id='word_1_109' title='bbox 762 1840 804 1902; x_wconf 91' lang='lat' dir='ltr'><strong>de</strong></span> <span class='ocrx_word' id='word_1_110' title='bbox 827 1841 1062 1904; x_wconf 88' lang='lat' dir='ltr'><strong>resurrectione</strong></span> <span class='ocrx_word' id='word_1_111' title='bbox 1086 1840 1223 1903; x_wconf 91' lang='lat' dir='ltr'><strong>Domini</strong></span> <span class='ocrx_word' id='word_1_112' title='bbox 1246 1839 1350 1903; x_wconf 86' lang='lat' dir='ltr'><strong>nostri</strong></span> <span class='ocrx_word' id='word_1_113' title='bbox 1372 1839 1451 1920; x_wconf 87' lang='lat' dir='ltr'><strong>Jesu</strong></span> <span class='ocrx_word' id='word_1_114' title='bbox 1475 1838 1536 1901; x_wconf 90' lang='lat' dir='ltr'><strong>Xti</strong></span> <span class='ocrx_word' id='word_1_115' title='bbox 1559 1837 1729 1920; x_wconf 90' lang='lat' dir='ltr'><strong>corporali,</strong></span> <span class='ocrx_word' id='word_1_116' title='bbox 1751 1846 1785 1901; x_wconf 89' lang='lat' dir='ltr'><strong>et</strong></span> <span class='ocrx_word' id='word_1_117' title='bbox 1805 1837 1848 1900; x_wconf 93' lang='lat' dir='ltr'><strong>de</strong></span> 
     </span>
     <span class='ocr_line' id='line_1_13' title="bbox 493 1957 1801 2050; baseline 0.002 -30"><span class='ocrx_word' id='word_1_118' title='bbox 493 1959 730 2024; x_wconf 89' lang='lat' dir='ltr'><strong>resurrectione</strong></span> <span class='ocrx_word' id='word_1_119' title='bbox 752 1960 924 2024; x_wconf 91' lang='lat' dir='ltr'><strong>hominum</strong></span> <span class='ocrx_word' id='word_1_120' title='bbox 948 1961 1047 2038; x_wconf 86' lang='lat' dir='ltr'><strong>finali,</strong></span> <span class='ocrx_word' id='word_1_121' title='bbox 1070 1971 1104 2050; x_wconf 78' lang='lat' dir='ltr'><strong>et</strong></span> <span class='ocrx_word' id='word_1_122' title='bbox 1127 1962 1170 2025; x_wconf 91' lang='lat' dir='ltr'><strong>de</strong></span> <span class='ocrx_word' id='word_1_123' title='bbox 1192 1960 1434 2042; x_wconf 90' lang='lat' dir='ltr'><strong>pertinentibus</strong></span> <span class='ocrx_word' id='word_1_124' title='bbox 1457 1960 1500 2023; x_wconf 86' lang='lat' dir='ltr'><strong>ad</strong></span> <span class='ocrx_word' id='word_1_125' title='bbox 1522 1959 1603 2022; x_wconf 90' lang='lat' dir='ltr'><strong>istas</strong></span> <span class='ocrx_word' id='word_1_126' title='bbox 1625 1957 1801 2022; x_wconf 79' lang='lat' dir='ltr'><strong>materias.¹</strong></span> 
     </span>
    </p>

    <p class='ocr_par' dir='ltr' id='par_1_9' title="bbox 494 2077 1851 3986">
     <span class='ocr_line' id='line_1_14' title="bbox 581 2077 1849 2163; baseline 0.002 -23"><span class='ocrx_word' id='word_1_127' title='bbox 581 2087 620 2155; x_wconf 81' lang='lat' dir='ltr'><strong>[p.</strong></span> <span class='ocrx_word' id='word_1_128' title='bbox 637 2089 708 2156; x_wconf 72' lang='lat'><strong>42⁵]</strong></span> <span class='ocrx_word' id='word_1_129' title='bbox 761 2082 837 2145; x_wconf 91' lang='lat' dir='ltr'><strong>Hoc</strong></span> <span class='ocrx_word' id='word_1_130' title='bbox 862 2085 950 2146; x_wconf 92' lang='lat' dir='ltr'><strong>enim</strong></span> <span class='ocrx_word' id='word_1_131' title='bbox 973 2093 1090 2146; x_wconf 92' lang='lat' dir='ltr'><strong>notum</strong></span> <span class='ocrx_word' id='word_1_132' title='bbox 1114 2090 1164 2144; x_wconf 91' lang='lat' dir='ltr'><strong>est</strong></span> <span class='ocrx_word' id='word_1_133' title='bbox 1187 2082 1220 2144; x_wconf 93' lang='lat' dir='ltr'><strong>in</strong></span> <span class='ocrx_word' id='word_1_134' title='bbox 1243 2101 1344 2163; x_wconf 89' lang='lat' dir='ltr'><strong>regno</strong></span> <span class='ocrx_word' id='word_1_135' title='bbox 1366 2080 1510 2162; x_wconf 83' lang='lat' dir='ltr'><strong>Angliae,</strong></span> <span class='ocrx_word' id='word_1_136' title='bbox 1533 2078 1624 2162; x_wconf 92' lang='lat' dir='ltr'><strong>quod</strong></span> <span class='ocrx_word' id='word_1_137' title='bbox 1647 2077 1702 2141; x_wconf 89' lang='lat' dir='ltr'><strong>ille</strong></span> <span class='ocrx_word' id='word_1_138' title='bbox 1724 2077 1849 2142; x_wconf 85' lang='lat' dir='ltr'><strong>archie-</strong></span> 
     </span>
     <span class='ocr_line' id='line_1_15' title="bbox 495 2199 1849 2286; baseline 0 -22"><span class='ocrx_word' id='word_1_139' title='bbox 495 2201 658 2285; x_wconf 90' lang='lat' dir='ltr'><strong>piscopus,</strong></span> <span class='ocrx_word' id='word_1_140' title='bbox 681 2203 738 2285; x_wconf 94' lang='lat' dir='ltr'><strong>qui</strong></span> <span class='ocrx_word' id='word_1_141' title='bbox 761 2224 861 2268; x_wconf 91' lang='lat' dir='ltr'><strong>causa</strong></span> <span class='ocrx_word' id='word_1_142' title='bbox 884 2203 945 2268; x_wconf 86' lang='lat' dir='ltr'><strong>luit</strong></span> <span class='ocrx_word' id='word_1_143' title='bbox 969 2204 1058 2286; x_wconf 92' lang='lat' dir='ltr'><strong>quod</strong></span> <span class='ocrx_word' id='word_1_144' title='bbox 1082 2203 1178 2285; x_wconf 91' lang='lat' dir='ltr'><strong>pauci</strong></span> <span class='ocrx_word' id='word_1_145' title='bbox 1200 2203 1253 2265; x_wconf 89' lang='lat' dir='ltr'><strong>vel</strong></span> <span class='ocrx_word' id='word_1_146' title='bbox 1276 2201 1357 2264; x_wconf 93' lang='lat' dir='ltr'><strong>nulli</strong></span> <span class='ocrx_word' id='word_1_147' title='bbox 1380 2202 1599 2283; x_wconf 81' lang='lat' dir='ltr'><strong>praedicarent</strong></span> <span class='ocrx_word' id='word_1_148' title='bbox 1621 2200 1690 2263; x_wconf 93' lang='lat' dir='ltr'><strong>sine</strong></span> <span class='ocrx_word' id='word_1_149' title='bbox 1712 2199 1849 2264; x_wconf 85' lang='lat' dir='ltr'><strong>licencia</strong></span> 
     </span>
     <span class='ocr_line' id='line_1_16' title="bbox 494 2320 1848 2408; baseline -0.001 -23"><span class='ocrx_word' id='word_1_150' title='bbox 494 2323 661 2387; x_wconf 85' lang='lat' dir='ltr'><strong>diocesani</strong></span> <span class='ocrx_word' id='word_1_151' title='bbox 679 2323 732 2388; x_wconf 91' lang='lat' dir='ltr'><strong>vel</strong></span> <span class='ocrx_word' id='word_1_152' title='bbox 755 2326 1012 2408; x_wconf 89' lang='lat' dir='ltr'><strong>metropolitani,</strong></span> <span class='ocrx_word' id='word_1_153' title='bbox 1032 2346 1092 2407; x_wconf 91' lang='lat' dir='ltr'><strong>pro</strong></span> <span class='ocrx_word' id='word_1_154' title='bbox 1115 2345 1180 2406; x_wconf 89' lang='lat' dir='ltr'><strong>qua</strong></span> <span class='ocrx_word' id='word_1_155' title='bbox 1203 2323 1273 2404; x_wconf 85' lang='lat' dir='ltr'><strong>jam</strong></span> <span class='ocrx_word' id='word_1_156' title='bbox 1298 2342 1425 2404; x_wconf 85' lang='lat' dir='ltr'><strong>magnae</strong></span> <span class='ocrx_word' id='word_1_157' title='bbox 1446 2343 1559 2405; x_wconf 86' lang='lat' dir='ltr'><strong>preces</strong></span> <span class='ocrx_word' id='word_1_158' title='bbox 1581 2320 1673 2400; x_wconf 87' lang='lat' dir='ltr'><strong>fiunt,</strong></span> <span class='ocrx_word' id='word_1_159' title='bbox 1689 2331 1724 2385; x_wconf 90' lang='lat' dir='ltr'><strong>et</strong></span> <span class='ocrx_word' id='word_1_160' title='bbox 1744 2322 1848 2386; x_wconf 87' lang='lat' dir='ltr'><strong>eciam</strong></span> 
     </span>
     <span class='ocr_line' id='line_1_17' title="bbox 494 2441 1848 2530; baseline -0.002 -24"><span class='ocrx_word' id='word_1_161' title='bbox 494 2444 645 2526; x_wconf 88' lang='lat' dir='ltr'><strong>pecuniae</strong></span> <span class='ocrx_word' id='word_1_162' title='bbox 677 2445 800 2510; x_wconf 90' lang='lat' dir='ltr'><strong>dantur</strong></span> <span class='ocrx_word' id='word_1_163' title='bbox 834 2447 999 2530; x_wconf 90' lang='lat' dir='ltr'><strong>episcopo,</strong></span> <span class='ocrx_word' id='word_1_164' title='bbox 1030 2446 1184 2510; x_wconf 91' lang='lat' dir='ltr'><strong>obtrusus</strong></span> <span class='ocrx_word' id='word_1_165' title='bbox 1215 2443 1275 2508; x_wconf 89' lang='lat' dir='ltr'><strong>iuit</strong></span> <span class='ocrx_word' id='word_1_166' title='bbox 1309 2445 1365 2508; x_wconf 92' lang='lat' dir='ltr'><strong>diu</strong></span> <span class='ocrx_word' id='word_1_167' title='bbox 1400 2455 1478 2508; x_wconf 90' lang='lat' dir='ltr'><strong>ante</strong></span> <span class='ocrx_word' id='word_1_168' title='bbox 1511 2451 1654 2507; x_wconf 91' lang='lat' dir='ltr'><strong>mortem</strong></span> <span class='ocrx_word' id='word_1_169' title='bbox 1690 2463 1784 2507; x_wconf 92' lang='lat' dir='ltr'><strong>suam</strong></span> <span class='ocrx_word' id='word_1_170' title='bbox 1815 2441 1848 2504; x_wconf 94' lang='lat' dir='ltr'><strong>in</strong></span> 
     </span>
     <span class='ocr_line' id='line_1_18' title="bbox 495 2563 1849 2651; baseline -0.001 -24"><span class='ocrx_word' id='word_1_171' title='bbox 495 2573 631 2645; x_wconf 87' lang='lat' dir='ltr'><strong>gutture</strong></span> <span class='ocrx_word' id='word_1_172' title='bbox 660 2586 720 2649; x_wconf 91' lang='lat' dir='ltr'><strong>per</strong></span> <span class='ocrx_word' id='word_1_173' title='bbox 752 2588 790 2630; x_wconf 94' lang='lat' dir='ltr'><strong>os</strong></span> <span class='ocrx_word' id='word_1_174' title='bbox 825 2569 1028 2632; x_wconf 90' lang='lat' dir='ltr'><strong>descendens</strong></span> <span class='ocrx_word' id='word_1_175' title='bbox 1064 2568 1096 2631; x_wconf 94' lang='lat' dir='ltr'><strong>in</strong></span> <span class='ocrx_word' id='word_1_176' title='bbox 1130 2576 1245 2651; x_wconf 86' lang='lat' dir='ltr'><strong>guttur</strong></span> <span class='ocrx_word' id='word_1_177' title='bbox 1275 2587 1381 2644; x_wconf 91' lang='lat' dir='ltr'><strong>suum,</strong></span> <span class='ocrx_word' id='word_1_178' title='bbox 1410 2565 1501 2648; x_wconf 93' lang='lat' dir='ltr'><strong>quod</strong></span> <span class='ocrx_word' id='word_1_179' title='bbox 1536 2583 1704 2648; x_wconf 85' lang='lat' dir='ltr'><strong>nunquam</strong></span> <span class='ocrx_word' id='word_1_180' title='bbox 1740 2563 1849 2646; x_wconf 91' lang='lat' dir='ltr'><strong>potuit</strong></span> 
     </span>
     <span class='ocr_line' id='line_1_19' title="bbox 497 2682 1849 2772; baseline 0 -26"><span class='ocrx_word' id='word_1_181' title='bbox 497 2684 670 2766; x_wconf 82' lang='lat' dir='ltr'><strong>deglutire,</strong></span> <span class='ocrx_word' id='word_1_182' title='bbox 700 2707 761 2752; x_wconf 89' lang='lat' dir='ltr'><strong>nec</strong></span> <span class='ocrx_word' id='word_1_183' title='bbox 796 2689 972 2772; x_wconf 89' lang='lat' dir='ltr'><strong>expellere,</strong></span> <span class='ocrx_word' id='word_1_184' title='bbox 1002 2701 1036 2753; x_wconf 92' lang='lat' dir='ltr'><strong>et</strong></span> <span class='ocrx_word' id='word_1_185' title='bbox 1070 2689 1116 2752; x_wconf 92' lang='lat' dir='ltr'><strong>sic</strong></span> <span class='ocrx_word' id='word_1_186' title='bbox 1149 2709 1192 2751; x_wconf 91' lang='lat' dir='ltr'><strong>ex</strong></span> <span class='ocrx_word' id='word_1_187' title='bbox 1226 2687 1282 2750; x_wconf 94' lang='lat' dir='ltr'><strong>illo</strong></span> <span class='ocrx_word' id='word_1_188' title='bbox 1314 2686 1537 2762; x_wconf 88' lang='lat' dir='ltr'><strong>moriebatur;</strong></span> <span class='ocrx_word' id='word_1_189' title='bbox 1575 2694 1609 2748; x_wconf 92' lang='lat' dir='ltr'><strong>et</strong></span> <span class='ocrx_word' id='word_1_190' title='bbox 1643 2683 1705 2748; x_wconf 84' lang='lat' dir='ltr'><strong>luit</strong></span> <span class='ocrx_word' id='word_1_191' title='bbox 1738 2682 1849 2747; x_wconf 86' lang='lat' dir='ltr'><strong>bacal-</strong></span> 
     </span>
     <span class='ocr_line' id='line_1_20' title="bbox 497 2803 1849 2893; baseline 0.001 -27"><span class='ocrx_word' id='word_1_192' title='bbox 497 2803 597 2868; x_wconf 87' lang='lat' dir='ltr'><strong>larius</strong></span> <span class='ocrx_word' id='word_1_193' title='bbox 623 2806 760 2871; x_wconf 90' lang='lat' dir='ltr'><strong>Arcium</strong></span> <span class='ocrx_word' id='word_1_194' title='bbox 787 2818 866 2873; x_wconf 91' lang='lat' dir='ltr'><strong>tunc</strong></span> <span class='ocrx_word' id='word_1_195' title='bbox 892 2811 925 2873; x_wconf 94' lang='lat' dir='ltr'><strong>in</strong></span> <span class='ocrx_word' id='word_1_196' title='bbox 947 2811 1052 2893; x_wconf 86' lang='lat' dir='ltr'><strong>gradu</strong></span> <span class='ocrx_word' id='word_1_197' title='bbox 1080 2809 1254 2873; x_wconf 90' lang='lat' dir='ltr'><strong>scolastico</strong></span> <span class='ocrx_word' id='word_1_198' title='bbox 1280 2807 1432 2881; x_wconf 87' lang='lat' dir='ltr'><strong>Oxoniae,</strong></span> <span class='ocrx_word' id='word_1_199' title='bbox 1455 2825 1520 2869; x_wconf 90' lang='lat' dir='ltr'><strong>non</strong></span> <span class='ocrx_word' id='word_1_200' title='bbox 1545 2805 1651 2869; x_wconf 90' lang='lat' dir='ltr'><strong>sciens</strong></span> <span class='ocrx_word' id='word_1_201' title='bbox 1678 2825 1737 2868; x_wconf 89' lang='lat' dir='ltr'><strong>nec</strong></span> <span class='ocrx_word' id='word_1_202' title='bbox 1761 2813 1849 2868; x_wconf 88' lang='lat' dir='ltr'><strong>recte</strong></span> 
     </span>
     <span class='ocr_line' id='line_1_21' title="bbox 499 2924 1849 3011; baseline -0.001 -24"><span class='ocrx_word' id='word_1_203' title='bbox 499 2925 687 2991; x_wconf 90' lang='lat' dir='ltr'><strong>discernens</strong></span> <span class='ocrx_word' id='word_1_204' title='bbox 716 2949 791 3011; x_wconf 86' lang='lat' dir='ltr'><strong>quae</strong></span> <span class='ocrx_word' id='word_1_205' title='bbox 818 2952 861 2993; x_wconf 91' lang='lat' dir='ltr'><strong>ex</strong></span> <span class='ocrx_word' id='word_1_206' title='bbox 886 2930 943 2995; x_wconf 92' lang='lat' dir='ltr'><strong>illa</strong></span> <span class='ocrx_word' id='word_1_207' title='bbox 966 2930 1200 2994; x_wconf 89' lang='lat' dir='ltr'><strong>constitutione</strong></span> <span class='ocrx_word' id='word_1_208' title='bbox 1227 2929 1317 2992; x_wconf 91' lang='lat' dir='ltr'><strong>edita</strong></span> <span class='ocrx_word' id='word_1_209' title='bbox 1339 2928 1372 2991; x_wconf 93' lang='lat' dir='ltr'><strong>in</strong></span> <span class='ocrx_word' id='word_1_210' title='bbox 1394 2937 1545 3009; x_wconf 91' lang='lat' dir='ltr'><strong>tempore</strong></span> <span class='ocrx_word' id='word_1_211' title='bbox 1569 2925 1671 3009; x_wconf 90' lang='lat' dir='ltr'><strong>ipsius</strong></span> <span class='ocrx_word' id='word_1_212' title='bbox 1697 2924 1849 2989; x_wconf 90' lang='lat' dir='ltr'><strong>Arundel</strong></span> 
     </span>
     <span class='ocr_line' id='line_1_22' title="bbox 498 3047 1849 3134; baseline 0 -25"><span class='ocrx_word' id='word_1_213' title='bbox 498 3057 723 3128; x_wconf 87' lang='lat' dir='ltr'><strong>sequerentur.</strong></span> <span class='ocrx_word' id='word_1_214' title='bbox 779 3050 855 3131; x_wconf 89' lang='lat' dir='ltr'><strong>Jam</strong></span> <span class='ocrx_word' id='word_1_215' title='bbox 883 3051 970 3114; x_wconf 92' lang='lat' dir='ltr'><strong>enim</strong></span> <span class='ocrx_word' id='word_1_216' title='bbox 997 3051 1142 3134; x_wconf 86' lang='lat' dir='ltr'><strong>episcopi</strong></span> <span class='ocrx_word' id='word_1_217' title='bbox 1173 3069 1233 3114; x_wconf 91' lang='lat' dir='ltr'><strong>nec</strong></span> <span class='ocrx_word' id='word_1_218' title='bbox 1259 3047 1498 3134; x_wconf 83' lang='lat' dir='ltr'><strong>praedicacione</strong></span> <span class='ocrx_word' id='word_1_219' title='bbox 1522 3055 1650 3122; x_wconf 88' lang='lat' dir='ltr'><strong>vacant,</strong></span> <span class='ocrx_word' id='word_1_220' title='bbox 1675 3065 1736 3110; x_wconf 89' lang='lat' dir='ltr'><strong>nec</strong></span> <span class='ocrx_word' id='word_1_221' title='bbox 1765 3066 1849 3128; x_wconf 86' lang='lat' dir='ltr'><strong>prae-</strong></span> 
     </span>
     <span class='ocr_line' id='line_1_23' title="bbox 498 3165 1849 3250; baseline 0 -21"><span class='ocrx_word' id='word_1_222' title='bbox 498 3167 662 3232; x_wconf 90' lang='lat' dir='ltr'><strong>dicatores</strong></span> <span class='ocrx_word' id='word_1_223' title='bbox 687 3171 720 3232; x_wconf 94' lang='lat' dir='ltr'><strong>in</strong></span> <span class='ocrx_word' id='word_1_224' title='bbox 746 3191 806 3234; x_wconf 93' lang='lat' dir='ltr'><strong>sua</strong></span> <span class='ocrx_word' id='word_1_225' title='bbox 829 3170 989 3235; x_wconf 87' lang='lat' dir='ltr'><strong>exhibent</strong></span> <span class='ocrx_word' id='word_1_226' title='bbox 1014 3172 1145 3250; x_wconf 86' lang='lat' dir='ltr'><strong>diocesi,</strong></span> <span class='ocrx_word' id='word_1_227' title='bbox 1169 3191 1229 3234; x_wconf 89' lang='lat' dir='ltr'><strong>nec</strong></span> <span class='ocrx_word' id='word_1_228' title='bbox 1253 3170 1336 3233; x_wconf 88' lang='lat' dir='ltr'><strong>tales</strong></span> <span class='ocrx_word' id='word_1_229' title='bbox 1358 3169 1436 3232; x_wconf 93' lang='lat' dir='ltr'><strong>illuc</strong></span> <span class='ocrx_word' id='word_1_230' title='bbox 1459 3168 1603 3243; x_wconf 89' lang='lat' dir='ltr'><strong>mittunt,</strong></span> <span class='ocrx_word' id='word_1_231' title='bbox 1626 3173 1678 3230; x_wconf 92' lang='lat' dir='ltr'><strong>set</strong></span> <span class='ocrx_word' id='word_1_232' title='bbox 1699 3165 1767 3244; x_wconf 89' lang='lat' dir='ltr'><strong>vix,</strong></span> <span class='ocrx_word' id='word_1_233' title='bbox 1790 3185 1849 3248; x_wconf 91' lang='lat' dir='ltr'><strong>pro</strong></span> 
     </span>
     <span class='ocr_line' id='line_1_24' title="bbox 499 3285 1849 3374; baseline -0.003 -22"><span class='ocrx_word' id='word_1_234' title='bbox 499 3291 628 3374; x_wconf 87' lang='lat' dir='ltr'><strong>magnis</strong></span> <span class='ocrx_word' id='word_1_235' title='bbox 657 3292 809 3372; x_wconf 91' lang='lat' dir='ltr'><strong>precibus</strong></span> <span class='ocrx_word' id='word_1_236' title='bbox 838 3293 1080 3356; x_wconf 90' lang='lat' dir='ltr'><strong>mundanorum</strong></span> <span class='ocrx_word' id='word_1_237' title='bbox 1110 3302 1144 3356; x_wconf 92' lang='lat' dir='ltr'><strong>et</strong></span> <span class='ocrx_word' id='word_1_238' title='bbox 1173 3312 1233 3374; x_wconf 92' lang='lat' dir='ltr'><strong>pro</strong></span> <span class='ocrx_word' id='word_1_239' title='bbox 1264 3290 1418 3372; x_wconf 87' lang='lat' dir='ltr'><strong>pecuniis,</strong></span> <span class='ocrx_word' id='word_1_240' title='bbox 1449 3287 1618 3352; x_wconf 88' lang='lat' dir='ltr'><strong>licenciam</strong></span> <span class='ocrx_word' id='word_1_241' title='bbox 1647 3285 1849 3369; x_wconf 77' lang='lat' dir='ltr'><strong>praedicandi</strong></span> 
     </span>
     <span class='ocr_line' id='line_1_25' title="bbox 498 3406 1849 3495; baseline -0.004 -20"><span class='ocrx_word' id='word_1_242' title='bbox 498 3411 542 3475; x_wconf 91' lang='lat' dir='ltr'><strong>ad</strong></span> <span class='ocrx_word' id='word_1_243' title='bbox 561 3421 693 3494; x_wconf 87' lang='lat' dir='ltr'><strong>tempus</strong></span> <span class='ocrx_word' id='word_1_244' title='bbox 715 3413 762 3476; x_wconf 92' lang='lat' dir='ltr'><strong>eis</strong></span> <span class='ocrx_word' id='word_1_245' title='bbox 780 3412 939 3495; x_wconf 85' lang='lat' dir='ltr'><strong>placitum</strong></span> <span class='ocrx_word' id='word_1_246' title='bbox 962 3414 1076 3495; x_wconf 90' lang='lat' dir='ltr'><strong>paucis</strong></span> <span class='ocrx_word' id='word_1_247' title='bbox 1099 3412 1284 3476; x_wconf 90' lang='lat' dir='ltr'><strong>concedunt</strong></span> <span class='ocrx_word' id='word_1_248' title='bbox 1307 3411 1340 3473; x_wconf 93' lang='lat' dir='ltr'><strong>in</strong></span> <span class='ocrx_word' id='word_1_249' title='bbox 1362 3409 1429 3473; x_wconf 89' lang='lat' dir='ltr'><strong>suis</strong></span> <span class='ocrx_word' id='word_1_250' title='bbox 1452 3408 1569 3472; x_wconf 89' lang='lat' dir='ltr'><strong>litteris</strong></span> <span class='ocrx_word' id='word_1_251' title='bbox 1592 3407 1730 3489; x_wconf 87' lang='lat' dir='ltr'><strong>scriptis,</strong></span> <span class='ocrx_word' id='word_1_252' title='bbox 1747 3415 1781 3470; x_wconf 93' lang='lat' dir='ltr'><strong>et</strong></span> <span class='ocrx_word' id='word_1_253' title='bbox 1802 3406 1849 3470; x_wconf 85' lang='lat' dir='ltr'><strong>sic</strong></span> 
     </span>
     <span class='ocr_line' id='line_1_26' title="bbox 497 3528 1850 3616; baseline -0.007 -17"><span class='ocrx_word' id='word_1_254' title='bbox 497 3535 636 3599; x_wconf 89' lang='lat' dir='ltr'><strong>verbum</strong></span> <span class='ocrx_word' id='word_1_255' title='bbox 664 3534 729 3597; x_wconf 89' lang='lat' dir='ltr'><strong>Dei</strong></span> <span class='ocrx_word' id='word_1_256' title='bbox 749 3535 820 3615; x_wconf 91' lang='lat' dir='ltr'><strong>jam</strong></span> <span class='ocrx_word' id='word_1_257' title='bbox 848 3544 897 3597; x_wconf 90' lang='lat' dir='ltr'><strong>est</strong></span> <span class='ocrx_word' id='word_1_258' title='bbox 920 3534 1101 3616; x_wconf 85' lang='lat' dir='ltr'><strong>alligatum,</strong></span> <span class='ocrx_word' id='word_1_259' title='bbox 1120 3542 1154 3597; x_wconf 90' lang='lat' dir='ltr'><strong>et</strong></span> <span class='ocrx_word' id='word_1_260' title='bbox 1178 3534 1253 3597; x_wconf 92' lang='lat' dir='ltr'><strong>ideo</strong></span> <span class='ocrx_word' id='word_1_261' title='bbox 1275 3531 1415 3615; x_wconf 87' lang='lat' dir='ltr'><strong>plurima</strong></span> <span class='ocrx_word' id='word_1_262' title='bbox 1438 3529 1526 3593; x_wconf 90' lang='lat' dir='ltr'><strong>mala</strong></span> <span class='ocrx_word' id='word_1_263' title='bbox 1551 3528 1723 3603; x_wconf 93' lang='lat' dir='ltr'><strong>inundant,</strong></span> <span class='ocrx_word' id='word_1_264' title='bbox 1747 3535 1789 3606; x_wconf 87' lang='lat' dir='ltr'><strong>et,</strong></span> <span class='ocrx_word' id='word_1_265' title='bbox 1812 3536 1850 3590; x_wconf 91' lang='lat' dir='ltr'><strong>ut</strong></span> 
     </span>
     <span class='ocr_line' id='line_1_27' title="bbox 497 3646 1851 3736; baseline -0.008 -16"><span class='ocrx_word' id='word_1_266' title='bbox 497 3654 674 3720; x_wconf 90' lang='lat' dir='ltr'><strong>verisimile</strong></span> <span class='ocrx_word' id='word_1_267' title='bbox 696 3665 755 3731; x_wconf 88' lang='lat' dir='ltr'><strong>est,</strong></span> <span class='ocrx_word' id='word_1_268' title='bbox 779 3655 884 3718; x_wconf 90' lang='lat' dir='ltr'><strong>indies</strong></span> <span class='ocrx_word' id='word_1_269' title='bbox 907 3655 1122 3718; x_wconf 90' lang='lat' dir='ltr'><strong>inundabunt.</strong></span> <span class='ocrx_word' id='word_1_270' title='bbox 1178 3654 1325 3736; x_wconf 86' lang='lat' dir='ltr'><strong>Dignum</strong></span> <span class='ocrx_word' id='word_1_271' title='bbox 1350 3663 1399 3716; x_wconf 89' lang='lat' dir='ltr'><strong>est</strong></span> <span class='ocrx_word' id='word_1_272' title='bbox 1422 3663 1459 3714; x_wconf 91' lang='lat' dir='ltr'><strong>ut</strong></span> <span class='ocrx_word' id='word_1_273' title='bbox 1481 3648 1607 3732; x_wconf 86' lang='lat' dir='ltr'><strong>indigni</strong></span> <span class='ocrx_word' id='word_1_274' title='bbox 1630 3646 1851 3712; x_wconf 89' lang='lat' dir='ltr'><strong>excludantur</strong></span> 
     </span>
     <span class='ocr_line' id='line_1_28' title="bbox 498 3769 1850 3861; baseline -0.007 -19"><span class='ocrx_word' id='word_1_275' title='bbox 498 3800 520 3842; x_wconf 92' lang='lat' dir='ltr'><strong>a</strong></span> <span class='ocrx_word' id='word_1_276' title='bbox 544 3777 786 3861; x_wconf 84' lang='lat' dir='ltr'><strong>praedicatione,</strong></span> <span class='ocrx_word' id='word_1_277' title='bbox 815 3787 866 3840; x_wconf 91' lang='lat' dir='ltr'><strong>set</strong></span> <span class='ocrx_word' id='word_1_278' title='bbox 893 3797 968 3859; x_wconf 83' lang='lat' dir='ltr'><strong>quae</strong></span> <span class='ocrx_word' id='word_1_279' title='bbox 998 3777 1080 3840; x_wconf 89' lang='lat' dir='ltr'><strong>ratio</strong></span> <span class='ocrx_word' id='word_1_280' title='bbox 1108 3785 1157 3838; x_wconf 88' lang='lat' dir='ltr'><strong>est</strong></span> <span class='ocrx_word' id='word_1_281' title='bbox 1188 3783 1224 3838; x_wconf 93' lang='lat' dir='ltr'><strong>ut</strong></span> <span class='ocrx_word' id='word_1_282' title='bbox 1250 3775 1344 3857; x_wconf 88' lang='lat' dir='ltr'><strong>quasi</strong></span> <span class='ocrx_word' id='word_1_283' title='bbox 1370 3793 1486 3836; x_wconf 91' lang='lat' dir='ltr'><strong>omnes</strong></span> <span class='ocrx_word' id='word_1_284' title='bbox 1512 3769 1764 3852; x_wconf 88' lang='lat' dir='ltr'><strong>suspendantur,</strong></span> <span class='ocrx_word' id='word_1_285' title='bbox 1790 3787 1850 3832; x_wconf 86' lang='lat' dir='ltr'><strong>nec</strong></span> 
     </span>
     <span class='ocr_line' id='line_1_29' title="bbox 497 3889 1851 3986; baseline -0.009 -22"><span class='ocrx_word' id='word_1_286' title='bbox 497 3899 680 3986; x_wconf 84' lang='lat' dir='ltr'><strong>praedicent</strong></span> <span class='ocrx_word' id='word_1_287' title='bbox 695 3899 830 3963; x_wconf 90' lang='lat' dir='ltr'><strong>verbum</strong></span> <span class='ocrx_word' id='word_1_288' title='bbox 847 3897 912 3961; x_wconf 92' lang='lat' dir='ltr'><strong>Dei</strong></span> <span class='ocrx_word' id='word_1_289' title='bbox 929 3897 990 3960; x_wconf 94' lang='lat' dir='ltr'><strong>nisi</strong></span> <span class='ocrx_word' id='word_1_290' title='bbox 1010 3896 1155 3961; x_wconf 88' lang='lat' dir='ltr'><strong>habeant</strong></span> <span class='ocrx_word' id='word_1_291' title='bbox 1176 3895 1346 3960; x_wconf 91' lang='lat' dir='ltr'><strong>licenciam</strong></span> <span class='ocrx_word' id='word_1_292' title='bbox 1368 3892 1513 3976; x_wconf 91' lang='lat' dir='ltr'><strong>episcopi</strong></span> <span class='ocrx_word' id='word_1_293' title='bbox 1534 3889 1700 3955; x_wconf 90' lang='lat' dir='ltr'><strong>diocesani</strong></span> <span class='ocrx_word' id='word_1_294' title='bbox 1722 3889 1851 3972; x_wconf 87' lang='lat' dir='ltr'><strong>magnis</strong></span> 
     </span>
    </p>
   </div>
   <div class='ocr_carea' id='block_1_3' title="bbox 498 4008 1851 4224">
    <p class='ocr_par' dir='ltr' id='par_1_10' title="bbox 498 4008 1851 4224">
     <span class='ocr_line' id='line_1_30' title="bbox 498 4008 1849 4106; baseline -0.009 -22"><span class='ocrx_word' id='word_1_295' title='bbox 498 4021 651 4106; x_wconf 87' lang='lat' dir='ltr'><strong>precibus</strong></span> <span class='ocrx_word' id='word_1_296' title='bbox 681 4031 715 4084; x_wconf 92' lang='lat' dir='ltr'><strong>et</strong></span> <span class='ocrx_word' id='word_1_297' title='bbox 744 4021 892 4102; x_wconf 92' lang='lat' dir='ltr'><strong>pecuniis</strong></span> <span class='ocrx_word' id='word_1_298' title='bbox 921 4015 1116 4102; x_wconf 84' lang='lat' dir='ltr'><strong>optentam?</strong></span> <span class='ocrx_word' id='word_1_299' title='bbox 1160 4018 1213 4082; x_wconf 91' lang='lat' dir='ltr'><strong>Ita</strong></span> <span class='ocrx_word' id='word_1_300' title='bbox 1239 4017 1327 4081; x_wconf 94' lang='lat' dir='ltr'><strong>enim</strong></span> <span class='ocrx_word' id='word_1_301' title='bbox 1354 4014 1473 4080; x_wconf 90' lang='lat' dir='ltr'><strong>soliciti</strong></span> <span class='ocrx_word' id='word_1_302' title='bbox 1499 4021 1609 4076; x_wconf 89' lang='lat' dir='ltr'><strong>essent</strong></span> <span class='ocrx_word' id='word_1_303' title='bbox 1635 4011 1779 4094; x_wconf 91' lang='lat' dir='ltr'><strong>episcopi</strong></span> <span class='ocrx_word' id='word_1_304' title='bbox 1806 4008 1849 4073; x_wconf 90' lang='lat' dir='ltr'><strong>ad</strong></span> 
     </span>
     <span class='ocr_line' id='line_1_31' title="bbox 499 4127 1851 4224; baseline -0.012 -16"><span class='ocrx_word' id='word_1_305' title='bbox 499 4143 699 4208; x_wconf 88' lang='lat' dir='ltr'><strong>mittendum</strong></span> <span class='ocrx_word' id='word_1_306' title='bbox 723 4142 829 4206; x_wconf 93' lang='lat' dir='ltr'><strong>bonos</strong></span> <span class='ocrx_word' id='word_1_307' title='bbox 854 4150 887 4205; x_wconf 92' lang='lat' dir='ltr'><strong>et</strong></span> <span class='ocrx_word' id='word_1_308' title='bbox 911 4151 1016 4224; x_wconf 86' lang='lat' dir='ltr'><strong>aptos,</strong></span> <span class='ocrx_word' id='word_1_309' title='bbox 1041 4139 1124 4204; x_wconf 94' lang='lat' dir='ltr'><strong>sicut</strong></span> <span class='ocrx_word' id='word_1_310' title='bbox 1149 4138 1367 4202; x_wconf 89' lang='lat' dir='ltr'><strong>intendebant</strong></span> <span class='ocrx_word' id='word_1_311' title='bbox 1390 4133 1516 4200; x_wconf 89' lang='lat' dir='ltr'><strong>solicite</strong></span> <span class='ocrx_word' id='word_1_312' title='bbox 1541 4133 1718 4198; x_wconf 88' lang='lat' dir='ltr'><strong>excludere</strong></span> <span class='ocrx_word' id='word_1_313' title='bbox 1744 4127 1851 4194; x_wconf 89' lang='lat' dir='ltr'><strong>malos</strong></span> 
     </span>
    </p>
   </div>
   <div class='ocr_carea' id='block_1_4' title="bbox 499 4257 1533 4341">
    <p class='ocr_par' dir='ltr' id='par_1_11' title="bbox 499 4257 1533 4341">
     <span class='ocr_line' id='line_1_32' title="bbox 499 4257 1533 4341; baseline -0.014 -9"><span class='ocrx_word' id='word_1_314' title='bbox 499 4289 521 4332; x_wconf 94' lang='lat' dir='ltr'><strong>a</strong></span> <span class='ocrx_word' id='word_1_315' title='bbox 541 4267 636 4331; x_wconf 85' lang='lat' dir='ltr'><strong>vinea</strong></span> <span class='ocrx_word' id='word_1_316' title='bbox 662 4265 806 4341; x_wconf 91' lang='lat' dir='ltr'><strong>Domini,</strong></span> <span class='ocrx_word' id='word_1_317' title='bbox 831 4284 871 4328; x_wconf 93' lang='lat' dir='ltr'><strong>ne</strong></span> <span class='ocrx_word' id='word_1_318' title='bbox 894 4262 979 4327; x_wconf 82' lang='lat' dir='ltr'><strong>forte</strong></span> <span class='ocrx_word' id='word_1_319' title='bbox 1001 4263 1085 4326; x_wconf 88' lang='lat' dir='ltr'><strong>vites</strong></span> <span class='ocrx_word' id='word_1_320' title='bbox 1108 4269 1277 4326; x_wconf 89' lang='lat' dir='ltr'><strong>mutentur</strong></span> <span class='ocrx_word' id='word_1_321' title='bbox 1300 4259 1332 4321; x_wconf 95' lang='lat' dir='ltr'><strong>in</strong></span> <span class='ocrx_word' id='word_1_322' title='bbox 1356 4257 1533 4322; x_wconf 88' lang='lat' dir='ltr'><strong>labruscas.</strong></span> 
     </span>
    </p>
   </div>
   <div class='ocr_carea' id='block_1_5' title="bbox 0 0 2176 4936">
    <p class='ocr_par' dir='ltr' id='par_1_12' title="bbox 0 0 2176 4936">
     <span class='ocr_line' id='line_1_33' title="bbox 0 0 2176 4936; baseline 0 0"><span class='ocrx_word' id='word_1_323' title='bbox 0 0 2176 4936; x_wconf 95' lang='lat' dir='ltr'><strong> </strong></span> 
     </span>
    </p>
   </div>
  </div>
 </body>
</html>
