4338 4936
491 400 531 446 20
865 391 963 447 LOCI
989 391 1018 444 E
1046 391 1171 446 LIBRO
1207 391 1465 446 VERITATUM.

488 611 548 687 per
580 604 841 668 subtraccionem
878 603 1079 668 decimarum
1110 625 1130 668 a
1161 613 1285 668 rectore
1314 605 1356 668 ad
1389 603 1472 666 alios
1508 607 1603 666 extra
1632 602 1840 685 parochiam.

491 725 522 790 Ο
551 726 695 789 Domine
723 725 838 789 Deusl
873 726 962 807 aperi
985 725 1098 788 oculos
1122 725 1241 790 mentis
1271 726 1304 788 in
1335 724 1506 808 episcopis,
1530 734 1567 787 ut
1593 724 1728 789 videant
1758 736 1841 807 quot

491 867 613 930 magna
646 846 733 910 mala
762 846 832 928 jam
866 847 1012 910 radicata
1045 856 1121 910 sunt
1154 848 1187 909 in
1222 846 1347 929 populo
1381 855 1415 910 et
1449 845 1570 909 cotidie
1600 843 1752 928 pululant
1782 867 1842 929 per

489 969 646 1052 indignos
671 976 841 1051 promotos
869 979 903 1032 et
930 988 989 1050 per
1019 968 1324 1051 appropriacionem
1351 967 1570 1045 ecclesiarum,
1598 967 1645 1030 ita
1667 969 1756 1049 quod
1784 988 1843 1052 per

491 1089 675 1153 exilitatem
698 1089 859 1154 vietus-in
883 1089 1027 1153 ecclesiis
1054 1089 1296 1171 parochialibus
1325 1089 1546 1172 appropriatis
1569 1087 1639 1170 jam
1670 1108 1735 1152 non
1764 1098 1842 1152 sunt

490 1211 524 1274 in
555 1211 679 1274 eisdem
706 1211 810 1274 curati
836 1209 948 1293 aliquo
979 1210 1079 1273 modo
1105 1210 1233 1274 habiles
1263 1211 1305 1274 ad
1336 1231 1456 1287 curam,
1482 1211 1541 1274 sed
1572 1219 1662 1275 stant
1688 1219 1843 1274 vacantes

490 1332 575 1396 sicut
604 1351 683 1394 oves
713 1340 865 1413 patentes
897 1332 1058 1395 morsibus
1091 1331 1242 1414 luporum
1269 1353 1327 1414 per
1355 1332 1545 1396 absenciam
1575 1332 1736 1396 bonorum
1768 1352 1843 1414 pas·

491 1461 610 1531 torum,
634 1452 689 1534 qui
716 1461 793 1516 sunt
819 1453 974 1516 absentes
998 1453 1041 1516 ab
1065 1452 1211 1517 ecclesiis
1237 1474 1296 1536 per
1320 1475 1432 1519 earum
1459 1453 1765 1536 appropriacionem
1790 1453 1843 1518 vel

491 1593 551 1654 per
578 1593 643 1636 non
674 1574 889 1638 residenciam
916 1575 949 1637 in
974 1577 1021 1666 eis
1047 1595 1122 1657 quae
1149 1575 1322 1638 sufficiunt.
1370 1575 1448 1639 Istae
1473 1576 1548 1638 duae
1575 1595 1692 1652 causae,
1716 1595 1759 1639 sc.
1785 1596 1843 1658 ap-

491 1694 674 1776 propriacio
701 1693 910 1758 ecclesiarum
937 1705 971 1758 et
996 1697 1131 1779 indigna
1159 1698 1326 1779 promocio
1349 1697 1381 1758 in
1406 1695 1559 1775 ecclesiis,
1582 1696 1712 1760 suerunt
1736 1716 1843 1760 causae

492 1834 594 1895 quare
614 1835 674 1897 per
690 1813 832 1878 haereses
854 1818 1015 1898 pessimas
1038 1825 1071 1880 et
1094 1837 1219 1881 errores
1240 1817 1385 1881 ecclesiae
1409 1827 1441 1881 et
1465 1817 1547 1881 fides
1569 1818 1744 1881 destructae
1767 1826 1844 1880 sunt

489 1933 560 2016 jam
587 1935 620 1998 in
651 1935 757 2020 Praga'
787 1946 821 2001 et
848 1937 880 2000 in
912 1958 1013 2020 regno
1044 1937 1212 2002 Bohemiae
1238 1959 1296 2020 per
1320 1939 1514 2002 instanciam
1539 1949 1572 2002 et
1597 1938 1742 2002 laborem
1767 1938 1845 2001 Pro·

492 2055 577 2138 copii
600 2055 746 2122 haeretici
770 2067 804 2122 et
828 2058 915 2122 Petri
938 2055 1046 2123 vocati
1071 2059 1158 2122 Petri
1182 2059 1326 2142 Anglici‚
1349 2059 1493 2123 haretici
1516 2060 1680 2142 praecipui,
1704 2061 1760 2142 qui
1785 2058 1845 2123 luit

492 2173 579 2239 filius
609 2177 703 2242 unius
730 2178 789 2242 viri
814 2180 857 2243 de
882 2178 991 2244 Gallia
1017 2182 1075 2244 sed
1103 2191 1201 2245 natus
1231 2182 1290 2245 luit
1317 2183 1350 2245 in
1374 2181 1501 2264 Anglia
1532 2203 1590 2264 per
1614 2183 1676 2246 tria
1707 2181 1844 2244 miliaria

492 2317 513 2359 a
535 2297 613 2360 villa
636 2299 679 2362 de
703 2298 917 2364 Grawntham
942 2301 1074 2364 invilla
1098 2303 1190 2384 cujus
1214 2323 1334 2366 nomen
1359 2312 1408 2366 est
1433 2302 1545 2385 Hugh,
1565 2312 1598 2367 et
1621 2302 1700 2366 illud
1721 2285 1845 2365 nomen

493 2418 526 2480 in
550 2418 642 2482 boria
664 2419 799 2502 Angliae
822 2421 1024 2502 significatur
1045 2423 1117 2497 hoc,
1142 2425 1275 2487 nomine
1299 2423 1429 2502 Latino,
1448 2444 1529 2488 crus.
1576 2423 1621 2486 Et
1646 2424 1708 2486 iste
1731 2422 1846 2486 Petrus

493 2538 667 2604 haereticus
691 2541 752 2606 suit
775 2544 932 2625 magister
953 2545 1077 2608 arcium
1100 2535 1245 2610 Oxoniae
1267 2545 1365 2608 valde
1390 2544 1550 2608 subdolus
1576 2552 1610 2607 et
1636 2543 1761 2607 furatus
1785 2539 1846 2605 fuit

493 2660 638 2741 sigillum
662 2683 837 2727 commune
860 2665 1101 2744 Universitatis,
1116 2666 1178 2728 sub
1201 2688 1268 2750 quo
1291 2667 1419 2748 scripsit
1442 2666 1604 2730 haereticis
1628 2665 1846 2747 Pragensibus

495 2782 585 2861 quod
603 2782 738 2847 Oxonia
757 2795 791 2849 et
811 2794 883 2849 tota
899 2786 1024 2868 Anglia
1044 2787 1105 2850 suit
1126 2787 1202 2850 fidei
1225 2789 1448 2870 Pragensium‚
1464 2787 1615 2869 exceptis
1631 2786 1722 2850 salsis
1741 2785 1846 2849 iratri-

494 2901 557 2964 bus
587 2905 860 2970 mendicantibus.
908 2903 993 2970 Haec
1017 2907 1146 2989 scripsit
1173 2907 1227 2970 ille
1256 2905 1357 2971 salsus
1383 2908 1556 2971 haereticus
1583 2908 1638 2989 qui
1669 2906 1848 2970 vocabatur

496 3021 640 3086 Oxoniae
663 3024 779 3089 Petrus
803 3025 912 3092 Clerk.

583 3143 776 3227 Superiores
807 3147 877 3229 jam
908 3149 941 3210 in
970 3148 1084 3212 officiis
1115 3149 1252 3213 mittunt
1279 3150 1424 3232 juniores
1455 3158 1489 3213 et
1522 3147 1682 3211 inhabiles
1715 3157 1752 3212 ut
1782 3147 1848 3210 sint

496 3264 621 3344 decani,
648 3268 880 3348 archidiaconi,
911 3278 944 3332 et
974 3269 1086 3348 curati,
1117 3279 1151 3334 et
1178 3270 1305 3352 judices
1336 3270 1459 3354 populi,
1486 3279 1620 3352 propter
1649 3269 1785 3332 divicias
1815 3277 1848 3330 et

495 3384 637 3450 honores
667 3389 853 3452 mundanos
884 3392 1142 3472 consequendos,
1173 3400 1205 3455 et
1236 3391 1319 3455 tales
1344 3401 1513 3472 reportant
1543 3411 1623 3454 vasa
1650 3410 1710 3452 sua
1735 3409 1847 3466 vacua,

496 3509 630 3587 quando
653 3510 685 3572 in
709 3511 763 3574 die
787 3512 901 3576 mortis
923 3533 991 3575 suae
1014 3513 1172 3576 videbunt
1196 3514 1322 3596 seipsos
1345 3523 1378 3576 et
1402 3513 1552 3576 subditos
1573 3533 1649 3576 suos
1671 3531 1794 3574 vacuos
1816 3511 1848 3573 in

495 3639 711 3711 conspectum
728 3631 792 3696 Dei
808 3629 938 3698 abonis
954 3634 1109 3716 operibus
1125 3643 1158 3697 et
1173 3635 1216 3697 ab
1233 3635 1360 3698 actibus
1376 3634 1503 3698 debitis.

584 3763 619 3829 [p.
636 3761 704 3828 3²7]
738 3754 823 3818 Item
847 3755 880 3817 in
904 3755 1129 3818 Universitate
1148 3755 1218 3837 jam
1242 3765 1318 3820 sunt
1341 3756 1451 3837 plures
1477 3753 1613 3818 admissi
1639 3753 1682 3816 ad
1708 3753 1848 3834 gradum

495 3893 555 3956 per
578 3875 752 3957 pecuniam
780 3885 813 3939 et
844 3895 910 3938 non
937 3897 996 3958 per
1023 3877 1146 3939 bonam
1174 3877 1276 3938 vitam
1305 3897 1364 3940 nec
1391 3876 1572 3954 scientiam,
1596 3885 1629 3938 et
1659 3874 1735 3936 ideo
1764 3871 1850 3955 perit

496 3996 638 4058 sciencia
661 4006 695 4060 et
718 3997 899 4060 residencia
925 3997 1087 4060 bonorum
1118 4007 1314 4072 curatomm,
1338 4019 1415 4062 vera
1439 3999 1527 4061 enim
1550 3994 1783 4061 habundancia
1813 3993 1849 4056 il-

497 4116 603 4180 lorum
627 4117 773 4199 inopiam
794 4117 957 4201 suppleat.

585 4239 749 4302 Dominus
773 4241 860 4304 enirn
885 4259 972 4321 papa
997 4239 1056 4302 Xti
1080 4241 1217 4304 vicarius
1241 4241 1325 4303 bene
1352 4251 1384 4304 et
1411 4240 1575 4304 meritorie
1602 4247 1712 4322 potest
1737 4258 1849 4320 super-
