4338 4936
484 390 527 470 64
859 396 958 452 LOCI
983 396 1013 448 E
1040 395 1165 449 LIBRO
1200 393 1458 448 VERITATUM.

484 610 624 692 plurima
643 610 730 676 mala
747 611 995 676 occasionaliter
1015 618 1139 687 causat,
1154 609 1232 692 quia
1255 628 1320 671 non
1342 608 1481 690 impedit
1503 607 1598 681 mala,
1616 629 1677 672 nec
1696 609 1836 692 opponit

484 753 529 810 se,
552 743 588 796 ut
611 734 883 816 impedimentum
906 753 963 796 seu
988 751 1127 805 murum,
1151 750 1211 812 pro
1233 729 1334 793 domo
1357 729 1502 806 Domini,
1526 741 1559 794 et
1582 731 1724 813 plurima
1747 733 1835 795 bona

484 874 585 936 opera
614 855 728 919 debita
763 854 832 918 fieri
869 873 928 936 per
964 852 1152 915 absenciam
1182 851 1260 914 boni
1299 851 1401 933 patris
1433 852 1633 916 omittuntur
1662 861 1696 916 et
1733 852 1836 935 negli-

484 984 607 1056 guntur
630 984 663 1039 et
687 975 844 1039 oblivioni
870 975 1053 1039 traduntur.
1101 971 1226 1036 Sancto
1252 971 1340 1035 enim
1364 971 1466 1035 Paulo
1493 973 1645 1054 apostolo
1669 974 1836 1037 existente

484 1097 574 1178 apud
591 1094 760 1174 Galathas,
776 1095 957 1159 exulabant
980 1094 1102 1170 ibidem
1126 1113 1246 1176 magna
1266 1092 1361 1170 mala,
1377 1102 1410 1155 et
1431 1093 1669 1158 habundabant
1687 1095 1835 1168 virtutes,

485 1217 596 1280 studia
625 1237 726 1280 sacrae
756 1217 937 1299 scripturae,
968 1235 1068 1298 opera
1098 1214 1257 1277 doctrinae
1287 1223 1321 1276 et
1353 1233 1482 1294 magnae
1514 1213 1702 1278 elemosinae
1736 1217 1837 1278 servis

486 1337 549 1400 Dei
574 1337 721 1402 collectae
742 1338 775 1400 in
799 1339 1012 1402 necessitates
1034 1335 1227 1398 relevandas
1251 1343 1286 1397 et
1309 1334 1342 1396 in
1365 1334 1542 1416 scripturas
1564 1336 1775 1413 scribendas;
1803 1347 1836 1400 et

486 1460 519 1521 in
556 1459 710 1523 absencia
747 1457 861 1523 Sancti
900 1457 991 1521 Pauli
1029 1457 1191 1520 contraria
1228 1456 1376 1518 omnium
1406 1455 1524 1518 horum
1554 1457 1715 1520 bonorum
1753 1459 1837 1521 inter

487 1577 647 1643 Galathas
676 1578 924 1656 habundabant,
954 1588 988 1641 et
1020 1587 1133 1640 tamen
1171 1575 1261 1639 nulla
1298 1575 1396 1658 culpa
1429 1576 1490 1641 suit
1528 1579 1560 1640 in
1591 1578 1647 1640 illa
1684 1578 1837 1641 absencia

487 1699 580 1762 Pauli
606 1699 811 1775 sanctissimi,
838 1700 916 1781 quia
943 1719 987 1762 ex
1014 1697 1151 1779 imperio
1179 1696 1243 1759 Dei
1270 1696 1389 1759 absens
1416 1695 1485 1776 luit,
1508 1718 1628 1762 vacans
1657 1719 1743 1762 curae
1771 1699 1837 1780 spi-

485 1820 594 1883 rituali
628 1822 734 1884 tocius
765 1819 932 1897 Ecclesiae,
961 1819 994 1881 in
1031 1817 1192 1882 instancia
1228 1817 1394 1881 cotidiana
1431 1820 1580 1882 omnium
1618 1819 1836 1882 ecclesiarum.

487 1940 575 2004 Item
610 1961 674 2003 non
709 1941 856 2023 peccavit
888 1942 921 2002 in
952 1938 1008 2002 illa
1043 1939 1208 2016 absencia,
1231 1939 1309 2020 quia
1339 1959 1405 2001 non
1435 1939 1544 2002 solum
1574 1939 1636 2003 t'uit
1665 1940 1785 2003 absens
1817 1961 1837 2002 a

487 2059 637 2124 Galathis
659 2071 704 2139 ut,
720 2083 763 2124 ex
788 2061 946 2124 mandato
968 2059 1112 2133 Domini,
1129 2058 1202 2121 aliis
1224 2059 1411 2140 regionibus
1434 2061 1636 2141 praedicaret,
1655 2061 1713 2123 sed
1737 2060 1836 2124 etiam

487 2182 628 2246 instituit
654 2183 739 2245 inter
766 2181 927 2246 Galathas
957 2189 1097 2252 curatos,
1125 2180 1181 2262 qui
1212 2199 1298 2242 curae
1328 2179 1374 2241 illi
1406 2201 1537 2263 semper
1565 2181 1775 2244 intenderent
1804 2180 1837 2242 in

487 2300 559 2384 ejus
587 2302 750 2380 absencia,
780 2303 836 2384 qui
877 2301 1036 2364 haberent
1066 2320 1178 2364 curam
1216 2299 1444 2363 immediatam
1474 2321 1572 2383 super
1602 2300 1772 2372 Galathas,
1803 2310 1837 2364 et

487 2423 558 2505 ipse
596 2422 740 2488 Sanctus
773 2423 902 2499 Paulus,
941 2431 1100 2504 tanquam
1137 2419 1310 2503 episcopus
1345 2441 1366 2484 a
1399 2421 1472 2484 Deo
1510 2421 1688 2500 institutus,
1721 2421 1838 2485 habuit

488 2563 600 2608 curam
633 2541 959 2624 superintendenciae,
995 2552 1154 2624 tanquam
1188 2541 1298 2623 aquila
1335 2541 1479 2605 coelestis
1514 2542 1627 2624 procul
1664 2543 1839 2606 attendens

486 2685 563 2747 quae
587 2675 664 2728 sunt
687 2673 720 2728 et
743 2685 818 2746 quae
845 2664 1054 2727 imminerent
1077 2663 1111 2725 in
1133 2662 1286 2725 omnibus
1310 2661 1462 2740 ecclesiis,
1485 2672 1522 2726 ut
1544 2672 1684 2726 testatur
1705 2671 1838 2726 sanctus

487 2785 606 2848 doctor
629 2785 817 2866 Jeronimus
842 2785 874 2847 in
901 2782 1155 2848 Commentariis
1180 2783 1247 2845 suis
1273 2802 1371 2864 super
1398 2782 1585 2865 Epistolam
1609 2783 1723 2848 Sancti
1745 2782 1837 2845 Pauli

489 2904 646 2988 Apostoli
667 2907 710 2969 ad
736 2905 921 2983 Galathas;
952 2914 986 2968 et
1009 2913 1133 2967 sanctae
1160 2904 1327 2966 memoriae
1353 2903 1480 2967 Doctor
1504 2904 1671 2968 Robertus
1694 2903 1837 2978 Grostet,

488 3023 728 3089 Lincolniensis
758 3026 941 3108 episcopus,
965 3025 998 3087 in
1029 3023 1242 3106 exposicione
1271 3043 1331 3086 sua
1361 3024 1492 3105 propria
1524 3045 1622 3107 super
1651 3023 1838 3107 Epistolam

490 3144 604 3210 Sancti
632 3145 723 3209 Pauli
751 3147 794 3210 ad
822 3144 992 3209 Galathas.
1037 3143 1147 3226 Vigila
1174 3164 1252 3225 erga
1278 3164 1376 3226 super
1405 3165 1516 3208 curam
1546 3146 1739 3222 animarum,
1762 3145 1839 3226 quia

488 3266 597 3348 angeli
622 3267 685 3330 Dei
711 3267 771 3330 Xti
802 3266 959 3330 incamati
991 3265 1148 3347 mysteria
1178 3265 1457 3329 annunciaverunt
1487 3266 1672 3348 pastoribus
1701 3265 1838 3348 vigilan·

489 3387 578 3450 tibus
604 3407 703 3469 super
728 3407 863 3470 gregem
886 3407 991 3462 suum,
1015 3385 1117 3449 Lucae
1140 3384 1199 3467 ij⁰;
1230 3405 1296 3447 non
1319 3385 1426 3448 solum
1447 3385 1629 3467 vigilabant
1656 3406 1715 3468 pro
1739 3406 1839 3468 grege

489 3509 548 3571 sed
572 3528 672 3590 super
695 3527 831 3590 gregem
853 3527 949 3571 suum
973 3515 1152 3589 praesentes
1178 3525 1253 3568 cum
1277 3525 1387 3588 grege.
1433 3505 1572 3570 Custodi
1604 3527 1682 3589 ergo
1708 3507 1837 3570 vineam

489 3638 591 3705 tuam,
618 3628 696 3710 quia
722 3628 829 3711 qualis
856 3637 906 3692 est
933 3637 1039 3692 rector
1065 3627 1099 3690 in
1125 3625 1248 3691 civitati
1278 3625 1354 3690 talis
1383 3636 1433 3691 est
1459 3627 1584 3691 civitas.
1630 3627 1697 3691 Sed
1728 3629 1838 3692 audivi

489 3749 617 3830 aliquos
647 3749 794 3813 dicentes
825 3749 857 3812 in
888 3749 1140 3812 excusacionem
1171 3746 1221 3810 sui
1251 3749 1387 3829 peccati,
1416 3758 1453 3812 ut
1483 3757 1656 3830 peccatum
1687 3770 1755 3812 suae
1781 3749 1839 3812 ab·

490 3870 609 3933 senciae
642 3889 662 3932 a
693 3889 770 3933 cura
800 3889 866 3932 non
899 3879 1056 3951 appareat
1091 3879 1274 3952 peccatum.
1332 3869 1452 3932 Melius
1487 3878 1546 3949 est,
1577 3869 1736 3952 inquiunt,
1767 3891 1840 3933 raro

490 3990 622 4053 visitare
647 4009 783 4071 gregem
813 4009 914 4072 quam
940 4010 1015 4053 cum
1045 4010 1145 4072 grege
1169 3990 1323 4053 continue
1352 3991 1502 4070 residere,
1527 3991 1604 4072 quia
1630 3990 1657 4053 si
1686 3991 1840 4056 continue

492 4111 536 4174 ibi
558 4111 702 4174 resident
723 4118 802 4174 tunc
823 4111 924 4173 nimia
945 4111 1150 4175 familiaritas
1169 4131 1242 4174 cum
1262 4120 1376 4174 curato
1399 4113 1485 4193 parit
1506 4120 1743 4192 contemptum,
1758 4121 1791 4175 et
1812 4112 1839 4174 si

491 4250 563 4294 raro
593 4230 625 4292 in
660 4250 737 4294 cura
769 4229 874 4306 suerit,
906 4239 985 4295 tunc
1016 4230 1112 4294 velud
1144 4243 1323 4296 extraneus
1355 4232 1459 4313 magis
1490 4229 1712 4310 honorabitur,
1742 4243 1775 4296 et
1807 4231 1840 4294 in
