4378 4936
479 404 540 464 140
853 393 952 448 LOCI
978 393 1007 445 E
1035 393 1160 447 LIBRO
1195 392 1453 446 VERITATUM.

477 607 534 672 illa
561 629 682 691 magna
711 607 889 673 vexatione
920 607 1064 687 mentali,
1091 609 1189 672 beata
1214 607 1356 690 Brigitta
1386 608 1448 671 sibi
1479 608 1512 670 in
1543 609 1679 673 mentali
1704 608 1831 677 visione

477 740 536 793 aut
566 732 675 814 specie
712 730 850 812 fulgenti
885 740 1067 813 apparente
1097 740 1131 793 ct
1165 750 1241 793 cum
1270 729 1379 792 verbis
1412 728 1611 793 mentalibus
1646 751 1722 794 eum
1752 751 1831 794 con-

477 849 616 914 solante.
671 851 766 924 Item,
806 851 882 915 novi
919 863 997 915 tunc
1035 850 1179 914 Oxoniae
1216 851 1383 932 quendam
1422 850 1616 932 magistmm
1651 851 1830 915 Ricardum

479 969 621 1046 Tenant,
646 973 702 1053 qui
725 971 923 1036 horribiliter
945 982 978 1036 et
1000 972 1183 1054 saepissime
1204 980 1347 1035 vexatus
1370 980 1429 1048 est,
1449 991 1620 1053 possessus
1642 993 1664 1035 a
1686 972 1832 1054 maligno

480 1093 607 1175 spiritu,
629 1093 682 1156 vel
705 1113 724 1155 a
748 1093 901 1175 malignis
923 1093 1098 1176 spiritibus,
1122 1093 1199 1173 quia
1221 1112 1353 1174 semper
1374 1093 1475 1174 longo
1497 1102 1647 1175 tempore
1668 1092 1832 1169 clamavit,

480 1213 574 1295 ‘Ego
597 1233 671 1276 sum
694 1215 914 1296 dampnatus!
949 1223 982 1278 et
1009 1214 1172 1278 sententia
1194 1222 1245 1276 est
1265 1214 1354 1291 data,
1378 1213 1439 1292 Ite,
1466 1214 1641 1289 maledicti,
1666 1215 1698 1276 in
1721 1216 1832 1296 ignem

481 1333 674 1397 aetemuml'
706 1334 846 1397 ‘Nullus
872 1343 923 1398 est
946 1335 1039 1398 Deus
1064 1335 1125 1398 nisi
1155 1334 1350 1416 dyabolust'
1382 1346 1415 1398 et
1444 1333 1507 1399 hoc
1537 1335 1719 1418 saepissime
1745 1335 1832 1398 dixit

481 1453 613 1537 publice
633 1474 745 1517 coram
760 1455 916 1537 pluribus,
932 1465 966 1518 et
982 1476 1035 1518 me
1056 1454 1186 1519 dicente
1207 1455 1277 1532 sibi,
1292 1455 1351 1517 ‘ln
1368 1457 1499 1518 nomine
1518 1455 1598 1536 Jesu
1615 1455 1684 1531 Xti,
1705 1455 1832 1530 dicatis,

481 1573 562 1656 Jesu
585 1574 675 1637 Xtel
722 1575 815 1640 Deus
841 1587 875 1639 et
900 1573 1019 1639 homo!
1055 1577 1208 1639 miserere
1232 1574 1316 1639 mei!
1363 1569 1439 1656 lpse
1462 1575 1560 1641 michi
1587 1595 1676 1658 saepe
1699 1596 1834 1658 respon·

482 1695 594 1768 debat,
617 1695 739 1770 dicem,
764 1697 860 1760 ‘Non
889 1717 1025 1778 possum
1047 1696 1111 1760 hoc
1142 1697 1251 1760 dicere
1263 1695 1279 1774 ;’
1310 1703 1344 1760 et
1373 1705 1461 1772 tunc,
1492 1696 1610 1760 clausis
1633 1696 1727 1760 labiis
1755 1697 1834 1772 suis,

482 1814 633 1878 similiter
652 1816 765 1878 statim
781 1816 899 1880 iterum
914 1818 1013 1881 verba
1032 1799 1192 1900 praedicta'
1209 1815 1408 1880 horribiliter
1427 1817 1589 1894 clamavit,
1605 1818 1725 1895 dicens,
1742 1818 1835 1900 ‘Ego

483 1957 559 2000 sum
580 1937 790 2019 dampnatus,
812 1960 875 2021 ego
898 1960 971 2002 sum
994 1919 1202 2021 dampnatus,
1226 1959 1292 2002 non
1315 1948 1365 2002 est
1386 1939 1479 2003 Deus
1502 1939 1563 2001 nisi
1586 1936 1778 2021 dyabolusl'
1801 1950 1836 2003 et

484 2059 774 2122 circumstantibus
798 2061 934 2124 diversis
957 2059 1153 2138 hominibus,
1180 2071 1214 2124 et
1241 2081 1285 2122 ex
1313 2059 1458 2123 motione
1484 2061 1580 2123 unius
1606 2061 1649 2124 ad
1676 2060 1835 2126 Sanctam

486 2179 663 2260 Brigittam
685 2201 842 2262 sponsam
866 2182 926 2244 Xti
948 2183 1126 2258 orantibus,
1150 2181 1327 2264 praedictus
1347 2181 1504 2262 magister
1527 2180 1687 2245 Ricardus
1704 2180 1837 2246 Tenant

487 2299 645 2362 liberatus
669 2299 730 2364 luit
753 2301 797 2364 de
820 2303 972 2366 manibus
998 2304 1199 2376 daemonum,
1222 2310 1256 2364 et
1282 2301 1369 2364 dixit
1395 2321 1492 2384 saepe,
1515 2300 1564 2366 ‘O
1589 2302 1734 2365 Domine
1757 2302 1836 2383 Jesu

489 2419 579 2482 Xte!
604 2421 757 2484 miserere
773 2421 859 2484 mei?
903 2422 1012 2505 ‘Ego‚'
1034 2423 1149 2504 inquit,
1169 2423 1234 2485 ‘sui
1257 2421 1342 2485 male
1360 2431 1502 2485 vexatus
1516 2419 1534 2501 ς’
1557 2433 1591 2486 et
1610 2431 1727 2505 postea
1748 2444 1837 2505 saepe

489 2539 657 2604 osculatus
680 2552 731 2606 est
753 2543 944 2625 ymaginem
969 2544 1028 2606 Xti
1051 2543 1130 2624 Jesu
1153 2542 1300 2607 crucifixi
1325 2563 1384 2624 pro
1408 2544 1522 2620 nobis3
1545 2553 1579 2607 et
1602 2553 1718 2625 postea
1740 2565 1837 2626 saepe,

489 2681 544 2724 me
566 2661 730 2736 audiente,
751 2663 893 2726 ‘Sancta
914 2664 1071 2745 Brigittat
1095 2685 1152 2726 ora
1176 2685 1235 2745 pro
1260 2664 1354 2728 nobis
1367 2663 1387 2741 ;'
1409 2675 1442 2727 et
1465 2665 1605 2747 receptis
1627 2667 1839 2728 sacramentis

489 2780 636 2844 ecclesiae
660 2781 743 2846 inira
767 2784 904 2847 biduum
927 2795 1003 2867 post
1026 2805 1121 2848 suam
1144 2785 1371 2848 liberationem
1394 2795 1543 2848 mortuus
1565 2796 1623 2862 est,
1647 2786 1680 2848 in
1703 2786 1758 2849 die
1773 2786 1839 2849 Ve-

467 2988 468 2992 ,
491 2902 586 2978 neris,
607 2911 640 2965 et
664 2904 696 2965 in
716 2903 828 2986 vigilia
851 2906 1054 2970 Pentecostis
1070 2905 1214 2970 Oxoniae
1237 2905 1385 2987 sepultus
1411 2906 1443 2967 in
1467 2905 1604 2969 ecclesia
1624 2906 1839 2970 sanctissimae

493 3022 610 3086 Mariae
632 3044 762 3106 semper
781 3027 933 3108 virginis;
956 3048 1056 3109 quam
1082 3026 1253 3090 historiam
1277 3027 1390 3108 scripsi
1416 3024 1513 3089 latius
1540 3027 1573 3088 in
1596 3028 1665 3101 vita
1691 3026 1839 3108 ejusdem

492 3143 626 3210 Sanctae
652 3145 810 3228 Brigittae,
832 3169 933 3230 quam
954 3150 1058 3212 vitam
1089 3169 1152 3230 ego
1182 3147 1334 3210 transtuli
1365 3148 1408 3210 de
1438 3146 1559 3210 Latino
1589 3147 1622 3209 in
1648 3146 1839 3228 Anglicum‚

493 3265 658 3329 sororibus
680 3277 713 3330 et
732 3268 928 3333 monialibus
946 3270 988 3332 de
1008 3269 1123 3332 ordine
1139 3267 1252 3332 Sancti
1269 3266 1452 3331 Salvatoris
1470 3268 1503 3329 in
1523 3268 1721 3331 monasterio
1738 3267 1840 3349 Syon,

493 3387 727 3470 Londiniensis
745 3390 925 3454 dioceseos.
972 3391 1057 3453 Haec
1080 3411 1159 3472 ergo
1182 3389 1306 3465 mulier,
1327 3397 1441 3452 sancta
1463 3409 1585 3469 sponsa
1608 3389 1668 3453 Xti
1689 3389 1839 3474 Brigitta‚

494 3531 650 3592 magnam
673 3510 751 3576 iecit
773 3512 998 3576 confusionem
1022 3511 1055 3574 in
1078 3513 1180 3574 domo
1201 3509 1356 3593 principis
1378 3509 1596 3573 tenebrarum.

582 3639 620 3706 [p.
637 3639 691 3708 89]
736 3639 897 3696 Mandata
919 3639 991 3695 Dei.
1037 3633 1146 3695 Nimis
1173 3651 1214 3693 ne
1240 3630 1324 3693 alius
1350 3629 1421 3694 haec
1449 3651 1514 3694 non
1537 3631 1570 3694 in
1594 3631 1770 3695 distortum
1793 3633 1841 3694 in-

493 3759 601 3814 vertat
635 3752 742 3834 prima
776 3753 925 3816 custodia
958 3753 996 3816 fit
1033 3753 1226 3828 imitatione,
1261 3759 1295 3814 2²
1321 3750 1511 3828 eruditione,
1546 3760 1581 3833 3⁸
1610 3751 1841 3834 disputationis

493 3848 720 3936 defensione.¹
750 3873 835 3938 Haec
862 3873 1015 3937 dominus
1044 3872 1284 3936 Lincolniensis
1317 3872 1434 3937 doctor
1463 3871 1630 3936 Robertus
1662 3871 1842 3950 Grosteste,

494 3993 551 4075 qui
572 3993 634 4056 suit
656 3995 825 4075 quondam
847 3994 1108 4075 archidyaconus
1132 3993 1341 4074 Leycestriae,
1363 4002 1397 4057 et
1419 4003 1536 4076 postea
1555 3995 1728 4076 episcopus
1750 3993 1843 4076 Lyn·

494 4113 677 4189 colniensis‚
696 4124 820 4178 sanctae
841 4116 1017 4192 memoriae,
1038 4125 1072 4178 et
1093 4113 1195 4178 habet
1218 4114 1289 4178 haec
1313 4116 1470 4197 praedicta
1493 4115 1527 4177 in
1550 4115 1761 4198 exposicione
1783 4137 1843 4178 sua

495 4235 626 4320 propria
648 4245 681 4300 et
704 4239 836 4319 propria
857 4257 956 4316 manu
979 4258 1038 4302 sua
1060 4237 1182 4318 scripta
1208 4257 1307 4318 super
1329 4236 1532 4311 Psalterium,
1556 4257 1654 4318 super
1677 4235 1843 4300 Psalmum
