4378 4936
483 397 542 482 156
859 407 957 462 LOCI
983 407 1012 460 E
1042 405 1166 459 LIBRO
1202 405 1459 460 VERITATUM'.

483 619 620 701 imperio
648 629 791 700 quartus
818 629 851 684 et
879 621 912 682 in
938 619 1162 684 Bohemorum
1188 641 1289 702 regno
1320 618 1418 700 hujus
1448 617 1590 681 nominis
1621 615 1754 699 primus,
1779 633 1839 676 rex

483 741 616 824 insuper
645 739 842 822 Anglorum,
874 740 1106 823 Ungariorum,
1139 751 1172 804 et
1204 740 1414 814 Polonorum‚
1446 759 1522 803 cum
1556 737 1668 801 multis
1700 735 1839 800 aliarum

485 872 643 926 terrarum
662 861 814 938 dominis,
832 862 1008 926 Urbanum
1028 873 1163 925 sextum
1183 863 1230 925 eis
1251 863 1283 924 in
1305 881 1427 945 papam
1448 868 1686 942 praesentatum
1707 876 1840 938 recepe·

486 992 562 1046 runt
580 983 613 1045 in
632 981 744 1059 talem,
760 1003 969 1064 nequaquam
992 983 1143 1046 recedere
1157 982 1307 1046 volentes
1327 982 1369 1045 ab
1391 1002 1440 1045 eo.
1486 979 1631 1043 Karolus
1651 989 1763 1042 autem
1779 997 1840 1040 rex

488 1101 700 1177 Francorum,
727 1123 786 1166 rex
815 1101 981 1181 Castellae,
1009 1115 1043 1167 et
1072 1103 1277 1186 Arragoniae,
1304 1103 1348 1166 ab
1380 1102 1518 1166 Urbano
1547 1100 1606 1182 vjl⁰
1632 1099 1840 1172 decedentes,

490 1207 675 1286 Robertum
715 1223 766 1286 vel
808 1223 1015 1288 Clementem
1049 1224 1116 1305 vijtn
1150 1225 1183 1287 in
1220 1223 1438 1305 apostolicum
1472 1229 1694 1304 susceperunt,
1730 1219 1843 1301 sicque

487 1343 613 1408 lactum
640 1355 691 1408 est
713 1345 823 1417 cismo,
846 1347 935 1426 quod
961 1346 1091 1409 duravit
1116 1346 1203 1409 ultra
1230 1345 1365 1426 triginta
1388 1363 1507 1407 novem
1530 1363 1643 1418 annos,
1666 1340 1798 1416 scilicet,
1821 1359 1843 1401 a

488 1464 600 1546 vigilia
622 1464 712 1528 beati
736 1463 904 1528 Laurentii
932 1463 1023 1550 1378,
1045 1468 1088 1530 ad
1112 1467 1199 1530 diem
1225 1464 1340 1529 Sancti
1362 1464 1497 1527 Martini
1522 1463 1676 1546 episcopi,
1699 1462 1732 1524 in
1755 1479 1843 1523 anno

491 1584 627 1647 Domini
663 1603 754 1664 1417,
786 1585 818 1648 in
850 1606 916 1668 quo
947 1587 1001 1650 die
1032 1587 1092 1650 fuit
1122 1586 1246 1650 electus
1282 1587 1315 1648 in
1350 1605 1472 1667 papam
1506 1585 1659 1648 dominus
1690 1581 1769 1676 Odo
1800 1581 1843 1643 de

492 1703 674 1778 Columnis,
698 1713 732 1768 et
756 1715 892 1770 vocatus
916 1715 966 1770 est
993 1727 1081 1789 papa
1105 1706 1268 1770 Martinus
1291 1707 1434 1787 quintus,
1460 1707 1492 1768 in
1520 1703 1659 1769 concilio
1681 1701 1844 1766 Constan-

492 1825 592 1889 ciensi
620 1825 745 1890 electus
772 1826 805 1888 in
831 1846 963 1909 papam.
1020 1825 1087 1890 Sed
1115 1827 1187 1908 jam
1214 1828 1390 1890 redeamus
1422 1827 1465 1889 ad
1493 1827 1643 1889 ordinem
1674 1839 1844 1905 paparum,

492 1955 569 2026 post
586 1945 759 2010 Urbanum
778 1945 835 2027 vj¹¹²
852 1945 971 2010 Romae
994 1968 1161 2010 summum
1178 1948 1379 2030 pontificem.
1426 1946 1614 2010 Bonilacius
1629 1945 1665 2007 ix
1688 1940 1844 2006 successit

493 2064 632 2130 Urbano
657 2066 714 2147 vj⁰,
740 2065 796 2147 qui
824 2066 1012 2131 Bonisacius
1037 2068 1072 2130 ix
1107 2068 1230 2132 electus
1257 2079 1307 2132 est
1335 2071 1368 2131 in
1395 2087 1517 2151 papam
1548 2087 1637 2131 anno
1663 2065 1724 2128 Xti
1752 2059 1843 2146 1389,

493 2196 527 2249 et
559 2208 647 2252 anno
678 2186 738 2249 Xti
770 2203 849 2268 1391
884 2188 1091 2252 canonizavit
1123 2189 1241 2253 Romae
1270 2190 1405 2253 beatam
1436 2189 1621 2270 Birgittam,
1645 2187 1780 2250 viduam
1811 2191 1844 2244 et

493 2307 722 2389 principissam
747 2307 914 2387 Nerisciae,
939 2310 982 2372 de
1013 2330 1114 2393 regno
1139 2309 1277 2374 Sueciae.
1335 2310 1404 2373 lste
1435 2309 1666 2388 Bonifaciusp
1697 2314 1846 2368 mortuus

494 2438 546 2492 est
576 2448 664 2492 anno
697 2427 832 2492 Domini
862 2447 953 2508 1404,
984 2452 1042 2513 per
1071 2441 1204 2513 tempus
1238 2431 1373 2513 aliquod
1404 2439 1482 2494 ante
1511 2430 1633 2493 festum
1664 2424 1845 2491 nativitatis

496 2549 632 2610 Domini
658 2549 760 2612 nostri
784 2549 862 2630 Jesu
891 2549 960 2630 Xti,
983 2552 1034 2614 cui
1059 2552 1213 2616 dominus
1238 2553 1453 2616 Innocencius
1475 2551 1531 2634 vij·
1555 2561 1606 2614 est
1630 2551 1663 2612 in
1688 2545 1845 2631 apostoli-

496 2689 571 2731 cum
594 2669 802 2751 subrogatus.
849 2670 1047 2735 Innocencio
1069 2672 1130 2753 vij⁰
1153 2674 1310 2737 successit
1335 2673 1513 2756 Gregorius
1532 2672 1592 2753 xij·
1616 2671 1649 2733 in
1676 2690 1742 2733 una
1768 2667 1847 2731 obe·

496 2789 639 2863 diencia,·
664 2789 798 2868 scilicet,
823 2812 936 2854 eorum
967 2793 1023 2874 qui
1054 2794 1116 2856 sibi
1147 2794 1357 2858 obediebant.
1405 2794 1444 2856 ln
1471 2794 1536 2857 alia
1562 2790 1755 2857 obediencia
1781 2807 1847 2851 non

498 2909 651 2974 Romana
677 2911 834 2976 successit
861 2912 978 2976 Petrus
1002 2914 1045 2976 de
1069 2913 1174 2990 Luna,
1197 2916 1253 2996 qui
1275 2915 1457 2978 vocabatur
1482 2935 1502 2977 a
1529 2915 1590 2976 sibi
1617 2909 1848 2975 obedientibus

498 3029 697 3094 Benedictus
712 3031 792 3112 xiij3
817 3043 850 3096 et
873 3043 945 3096 tum
966 3033 1149 3098 cardinales
1166 3034 1315 3116 Gregorii
1331 3034 1389 3115 xij,
1407 3045 1440 3099 et
1459 3036 1564 3098 eciam
1586 3033 1641 3096 alii
1665 3029 1849 3095 cardinales

495 3152 664 3234 antipapae
695 3152 868 3218 Benedicti
898 3153 957 3234 xiij
992 3164 1195 3218 recesserunt
1230 3156 1273 3218 ab
1309 3156 1503 3220 obediencia
1538 3156 1706 3236 utriusque
1742 3169 1848 3232 papae,

497 3272 629 3350 scilicet,
654 3271 804 3356 Gregorii
827 3273 917 3355 xijffl,
942 3285 975 3340 et
998 3276 1175 3358 antipapae,
1200 3277 1256 3358 qui
1278 3277 1460 3340 vocabatur
1483 3277 1682 3340 Benedictus
1704 3273 1784 3354 xiij;
1815 3281 1849 3334 et

497 3394 661 3458 vocabant
685 3395 738 3458 isti
762 3395 944 3458 cardinales
969 3397 1139 3478 utriusque
1163 3399 1275 3478 partis,
1291 3419 1335 3462 sc.
1353 3397 1502 3480 Gregorii
1519 3396 1598 3478 xij¹¹²¹
1619 3407 1654 3460 et
1677 3393 1849 3458 Benedicti

497 3515 600 3596 xiijmt
631 3517 806 3580 concilium
838 3518 1003 3596 Pisanum,
1035 3540 1101 3600 quo
1135 3529 1336 3602 congregato
1368 3521 1455 3583 idem
1486 3517 1659 3582 concilium
1694 3516 1850 3579 Pisanum

498 3637 652 3718 deposuit
675 3659 733 3720 per
754 3641 954 3704 sententiam
977 3641 1106 3704 concilii
1131 3642 1249 3719 Pisani,
1272 3661 1359 3704 anno
1383 3641 1520 3705 Domini
1545 3657 1627 3722 1409
1651 3636 1850 3720 congregati,

499 3757 695 3840 Gregorium
712 3759 798 3841 >cijum
822 3781 944 3843 papam
969 3763 1167 3841 Romanurn,
1191 3773 1226 3827 et
1250 3763 1460 3826 Benidictum
1476 3762 1575 3843 xiij¹²¹¹¹
1591 3761 1793 3843 antipapam,
1817 3757 1851 3820 id

499 3889 558 3958 est,
580 3891 695 3946 contra
722 3903 852 3964 papam,
876 3894 910 3948 et
936 3884 1106 3964 elegerunt
1132 3885 1164 3946 in
1189 3905 1311 3967 papam
1340 3884 1474 3947 Petrum
1501 3884 1543 3947 de
1569 3881 1706 3960 Candia,
1728 3879 1853 3944 ordinis

498 4000 637 4064 fratrum
664 4003 837 4078 minorum,
862 4014 895 4068 et
921 4005 1086 4068 vocabant
1109 4025 1185 4066 eum
1208 4003 1442 4069 Alexandrum
1465 4005 1626 4087 quintum,
1649 4012 1683 4065 et
1706 4001 1768 4064 iste
1790 3998 1853 4064 luit

498 4122 616 4186 doctor
645 4144 747 4188 sacrae
773 4124 977 4208 Theologiae.
1024 4125 1158 4189 Mortuo
1189 4125 1389 4191 Alexandro
1419 4127 1535 4209 quinto
1565 4146 1652 4208 papa
1683 4124 1851 4206 quondam

500 4240 662 4321 Romano,
693 4244 817 4310 electus
857 4246 918 4311 suit
956 4247 987 4310 in
1024 4267 1145 4329 papam
1179 4247 1367 4311 Romanurn
1398 4247 1567 4328 Johannes
1603 4245 1697 4326 xxiij,
1727 4245 1783 4324 qui
1819 4243 1852 4303 in
