4322 4936
473 359 538 424 228
815 378 1039 434 EXCERPTA
1067 380 1097 432 E
1119 381 1213 439 MSS.
1239 383 1493 440 GASCOIGNII.

473 581 626 649 selliones
651 589 822 655 seminatae
846 611 922 656 cum
948 594 1060 673 ordeo,
1087 604 1121 660 et
1147 595 1180 658 in
1210 605 1297 660 terra
1326 597 1382 661 ubi
1409 595 1619 681 archipraesul
1646 595 1835 670 decollatus

474 713 546 768 erat
571 706 634 772 fuit
659 710 789 774 ordium
815 714 1023 794 seminatum,
1047 717 1137 798 quod
1164 717 1270 800 pridie
1296 719 1329 781 in
1359 719 1495 783 calamis
1524 718 1568 782 ad
1598 719 1735 782 modum
1764 717 1827 781 susi

472 828 626 908 apparuit
645 839 679 894 et
702 833 842 915 pedibus
862 835 1129 900 conculcancium
1148 838 1181 901 in
1204 839 1259 903 die
1279 838 1335 902 illa
1352 839 1582 904 decollacionis
1605 839 1676 922 ejus
1696 839 1827 921 penitus

472 944 678 1014 destructum
705 963 783 1033 erat,
807 964 842 1019 et
872 977 912 1020 eo
943 978 1009 1022 non
1039 958 1203 1039 obstante,
1224 961 1257 1024 in
1288 962 1406 1024 eadem
1436 971 1561 1040 aestate,
1585 962 1711 1042 absque
1740 981 1826 1025 novo

471 1069 598 1133 semine
620 1080 655 1136 et
676 1074 804 1156 absque
830 1098 931 1161 opere
956 1077 1112 1158 humano,
1135 1081 1229 1145 Deus
1249 1081 1317 1146 tale
1343 1081 1583 1146 incrementum
1609 1082 1703 1146 dedit
1728 1102 1827 1166 super

468 1207 682 1256 communem
712 1215 809 1259 usum
838 1207 966 1262 naturae
995 1200 1085 1282 quod
1115 1201 1233 1284 aliquis
1264 1202 1411 1266 calamus
1440 1203 1595 1286 quinque,
1625 1203 1745 1284 aliquis
1773 1218 1825 1267 ca·

468 1307 577 1374 lamus
609 1312 684 1396 iiij⁰²
718 1315 825 1398 spicas
861 1319 951 1382 ordei
990 1321 1158 1403 produxit,
1194 1331 1228 1386 et
1266 1323 1322 1404 qui
1358 1324 1529 1405 pauciores
1563 1323 1724 1406 produxit
1757 1343 1823 1387 non

469 1431 579 1494 minus
611 1454 713 1516 quam
743 1438 828 1502 duos
857 1440 1004 1504 calamos
1033 1442 1181 1524 protulit.
1228 1442 1273 1506 Et
1298 1444 1417 1507 eodem
1444 1454 1594 1526 tempore
1623 1465 1691 1526 quo
1720 1443 1825 1507 archi-

467 1551 643 1636 episcopus
672 1555 734 1622 fuit
763 1559 953 1640 decollatus,
986 1563 1151 1628 Henricus
1182 1563 1330 1647 Quartus
1359 1586 1420 1628 rex
1450 1563 1594 1648 Angliae,
1624 1565 1681 1648 qui
1715 1565 1823 1648 ipsum

467 1673 573 1738 occidi
610 1679 778 1761 praecepit,
811 1680 874 1746 suit
910 1702 1084 1764 percussus
1117 1684 1264 1748 horribili
1302 1694 1336 1749 et
1374 1685 1519 1768 pessimo
1555 1705 1677 1768 genere
1713 1684 1823 1769 leprae,

467 1793 647 1876 equitando
672 1799 715 1862 ad
742 1799 856 1865 villam
881 1804 924 1867 de
951 1803 1063 1887 Ripun
1090 1801 1125 1867 in
1150 1805 1229 1888 ripis
1256 1806 1480 1884 constitutam,
1507 1817 1542 1870 et
1565 1806 1627 1869 suit
1650 1826 1824 1889 percussus

467 1914 647 1998 equitando
669 1939 769 2002 super
791 1921 979 1988 Exsamure
1001 1926 1087 1988 inter
1109 1925 1265 2008 Popiltun
1289 1925 1425 2002 Lid3ate
1449 1936 1483 1990 et
1507 1936 1645 2010 pontem
1666 1936 1822 1990 vocatum

464 2033 590 2101 Sckeet
613 2037 726 2122 bryge,
754 2051 788 2106 et
810 2044 985 2108 videbatur
1007 2045 1071 2110 sibi
1101 2047 1191 2128 quod
1215 2067 1300 2110 unus
1330 2046 1528 2111 sensibiliter
1550 2068 1626 2111 eum
1650 2047 1822 2129 percussit,

463 2165 500 2220 et
525 2155 589 2221 hac
612 2160 656 2223 de
680 2180 787 2239 causa,
812 2173 845 2226 et
870 2185 991 2248 magna
1014 2165 1126 2248 pluvia
1151 2176 1300 2250 urgente,
1323 2168 1526 2251 pernoctavit
1549 2168 1583 2230 in
1605 2167 1683 2232 villa
1704 2177 1823 2232 vocata

466 2274 575 2340 Green
601 2278 780 2344 Hamirton
809 2304 868 2366 per
897 2295 1027 2368 septem
1055 2287 1215 2352 millearia
1244 2289 1287 2352 ab
1313 2288 1486 2366 Eboraco;
1520 2297 1555 2352 et
1582 2288 1615 2351 in
1642 2297 1740 2352 nocte
1766 2288 1822 2352 illa

464 2396 610 2462 horribili
640 2401 760 2465 timore
788 2414 930 2468 vexatus
961 2416 1012 2471 est
1042 2407 1076 2470 in
1102 2417 1234 2472 tanturn
1266 2411 1356 2492 quod
1387 2410 1531 2474 clamore
1561 2430 1682 2492 magno
1712 2430 1822 2473 came·

464 2520 568 2582 rarios
597 2541 675 2584 suos
705 2523 864 2589 excitavit
894 2527 1049 2606 clamanS,
1079 2528 1307 2594 ‘Proditoresl
1345 2531 1547 2613 proditores!
1583 2531 1692 2612 ignem
1722 2551 1822 2613 super

464 2660 518 2704 me
540 2639 760 2723 projecistisl’
806 2645 888 2727 Igne
912 2647 1047 2712 Domini
1071 2651 1192 2714 divinae
1215 2652 1352 2716 ulcionis
1374 2663 1407 2717 et
1432 2653 1524 2734 lepra
1551 2651 1724 2715 manifesta
1747 2672 1821 2735 per·

463 2785 577 2829 cussus
601 2777 690 2844 erat;
713 2777 748 2830 et
774 2771 941 2833 camerarii
963 2771 1023 2849 sui,
1038 2793 1098 2854 pro
1121 2772 1265 2837 clamore
1287 2775 1373 2857 regis
1395 2783 1575 2857 surgentes,
1589 2773 1701 2838 omnia
1723 2773 1820 2837 lumi·

463 2892 555 2954 naria
579 2892 612 2955 in
638 2913 769 2958 camera
796 2905 830 2958 et
854 2893 888 2956 in
912 2894 1014 2957 domo
1045 2893 1115 2956 sine
1142 2893 1266 2958 lumine
1293 2904 1327 2959 et
1353 2896 1424 2959 sine
1450 2895 1527 2976 igne
1553 2894 1756 2973 invenerunt,
1785 2903 1820 2960 et

462 3011 526 3074 sibi
549 3012 688 3078 triacum
709 3014 742 3077 in
764 3014 843 3078 vino
865 3023 984 3077 vocato
1004 3035 1125 3096 vernys
1147 3015 1328 3093 dederunt;
1359 3024 1393 3079 et
1416 3017 1448 3078 in
1471 3017 1615 3080 crastino
1638 3016 1681 3078 ad
1705 3014 1818 3098 Ripun

460 3132 631 3215 equitavit,
652 3135 708 3198 ubi
737 3137 859 3198 mansit
879 3133 1028 3197 infirmus
1051 3155 1111 3217 per
1132 3145 1261 3218 septem
1286 3137 1365 3200 dies.
1412 3135 1458 3198 Et
1479 3136 1635 3218 magister
1657 3134 1819 3218 Georgius

464 3253 631 3327 Plumtun‚
663 3255 720 3336 qui
753 3255 862 3338 ipsum
893 3254 948 3318 die
976 3264 1095 3318 octava
1129 3256 1297 3338 praedictae
1331 3255 1563 3321 decollacionis
1594 3255 1687 3332 vidit,
1719 3256 1818 3321 michi

462 3373 550 3438 dixit
574 3383 609 3438 et
628 3373 760 3456 juravit,
783 3376 873 3458 quod
897 3375 930 3438 in
952 3375 1035 3439 facie
1058 3396 1118 3439 sua
1141 3377 1232 3441 etin
1254 3377 1407 3440 manibus
1432 3377 1561 3461 praelati
1585 3377 1679 3460 regis,
1705 3377 1738 3439 in
1763 3377 1818 3442 die

461 3493 519 3557 illa
548 3503 675 3569 octava,
700 3516 839 3578 magnas
865 3495 1017 3578 pustulas
1046 3495 1195 3579 leprosas
1224 3497 1315 3576 vidit,
1346 3517 1421 3580 quae
1450 3497 1643 3580 pendebant
1672 3496 1706 3560 in
1735 3497 1818 3562 facie

461 3614 548 3698 regis
571 3616 659 3679 etin
678 3616 840 3695 manibus,
855 3627 889 3681 et
912 3617 1145 3699 prominebant
1167 3619 1262 3701 quasi
1285 3619 1395 3702 capita
1415 3617 1647 3683 mamillarum.
1691 3617 1739 3682 Et
1760 3618 1817 3701 qui

461 3736 525 3800 ista
549 3735 634 3800 vidit
662 3737 762 3800 michi
789 3737 1017 3801 testimonium
1041 3737 1217 3820 perhibuit,
1241 3759 1286 3803 sc.
1310 3737 1501 3821 Stephanus
1526 3736 1737 3820 Cotingham,
1760 3738 1816 3821 qui

460 3857 634 3920 dicebatur
663 3859 768 3921 eciam
800 3857 991 3941 Stephanus
1021 3857 1160 3938 Palmer,
1191 3859 1247 3942 qui
1278 3859 1351 3924 haec
1381 3859 1481 3922 michi
1514 3858 1626 3923 retulit
1657 3859 1816 3940 magistro

458 3977 600 4043 Thomae
639 3977 833 4064 Gascoigne,
864 3999 966 4044 sacrae
992 3979 1186 4062 Theologiae
1215 3980 1342 4044 doctori
1373 3979 1527 4045 Oxoniae.
1582 3979 1628 4042 Et
1657 3979 1692 4041 in
1719 3986 1816 4042 nocte

459 4102 562 4166 tercia
592 4113 668 4186 post
697 4102 891 4186 praedictam
923 4100 1181 4166 decollacionem
1212 4101 1365 4184 apparuit
1395 4100 1573 4184 praedictus
1604 4096 1816 4183 archipraesul

458 4221 603 4304 Johanni
631 4223 766 4308 Sybsun
793 4223 825 4286 in
849 4224 951 4287 domo
974 4244 1034 4286 sua
1060 4222 1148 4305 apud
1173 4221 1304 4301 Roclifs,
1327 4220 1521 4306 praecipiens
1545 4221 1653 4286 eidem
1680 4229 1717 4284 ut
1739 4239 1816 4303 pec-
