4378 4936
728 397 824 453 LOCI
854 400 882 452 E
911 399 1037 454 LIBRO
1073 399 1331 458 VERITATUM.
1652 405 1711 478 153

356 611 389 675 in
423 634 482 677 sua
515 614 613 689 curia,
648 625 682 679 et
718 615 778 677 nisi
819 635 906 697 papa
942 616 1104 679 concedat
1142 617 1385 698 exempcioneS,
1420 617 1711 700 augmentaciones

355 734 535 814 primorum
562 733 727 799 fructuum
754 735 1015 818 episcopatuum,
1040 747 1074 800 et
1100 737 1368 818 dispensaciones
1392 758 1449 801 seu
1476 738 1710 821 dissipaciones

355 865 389 917 et
420 855 573 919 licencias
604 877 670 919 non
701 856 865 920 residendi
896 858 930 918 in
961 857 1027 919 suis
1053 857 1220 921 beneficiis
1247 859 1401 921 omnibus
1426 859 1482 941 qui
1511 869 1647 923 manent
1676 861 1709 922 in

354 975 450 1038 curiis
478 996 602 1057 regum,
629 977 864 1059 episcoporum,
893 987 926 1040 et
957 978 1165 1041 dominorum
1195 977 1343 1056 aliorum,
1369 990 1402 1043 et
1434 980 1495 1042 nisi
1526 982 1709 1044 concedant

354 1094 579 1179 indulgendas
606 1108 640 1162 et
665 1099 818 1162 licencias
841 1099 956 1162 utendi
984 1099 1089 1161 mitris
1114 1109 1148 1163 et
1172 1099 1237 1162 alia
1262 1099 1504 1175 irrationabilia,
1526 1121 1570 1164 ex
1588 1099 1709 1183 quibus

354 1215 481 1280 lucrum
509 1239 667 1301 magnum
694 1220 843 1301 sequitur
869 1220 1041 1283 curtisanis
1068 1221 1111 1283 de
1137 1221 1226 1283 curia
1253 1241 1359 1303 papae.
1402 1221 1593 1284 Maximum
1620 1221 1709 1284 enim

353 1336 479 1400 lucrum
492 1338 562 1420 jam
584 1340 777 1421 perveniens
799 1340 896 1402 curiae
917 1361 1014 1421 papae
1037 1340 1122 1403 inter
1141 1349 1260 1404 caetera
1282 1351 1332 1404 est
1352 1341 1424 1418 hoc,
1441 1343 1530 1423 quod
1553 1363 1640 1424 papa
1655 1341 1708 1404 vel

356 1459 418 1541 ipsi
440 1461 560 1541 quibus
580 1481 601 1524 a
621 1481 710 1544 papa
730 1482 837 1524 causae
861 1462 1123 1537 committuntur,
1140 1463 1325 1526 concedunt
1341 1463 1434 1545 plura
1454 1473 1487 1527 et
1503 1463 1710 1527 sentenciant

354 1600 415 1662 pro
445 1601 511 1644 una
538 1591 641 1664 parte,
667 1591 701 1645 et
727 1603 808 1645 mox
839 1583 985 1646 instante
1012 1583 1151 1665 pecunia
1178 1594 1333 1647 revocant
1364 1586 1480 1647 eadem
1511 1584 1600 1665 prius
1631 1603 1709 1647 con·

355 1722 467 1779 cessa;
499 1713 533 1766 et
563 1702 742 1784 aliquando
772 1714 927 1767 revocant
954 1703 1075 1785 pluries
1102 1713 1266 1779 revocata,
1292 1705 1338 1767 ita
1365 1713 1402 1767 ut
1430 1703 1538 1767 nullus
1564 1705 1608 1767 sit
1634 1703 1709 1767 finis

354 1823 527 1887 conclusus
560 1824 594 1886 in
627 1825 764 1888 materia
803 1825 922 1888 Romae
955 1825 1132 1908 appellata,
1165 1835 1202 1889 ut
1241 1846 1346 1906 nuper
1387 1835 1556 1888 ostensum
1589 1833 1640 1888 est
1676 1825 1709 1886 in

354 1943 499 2006 materiis
528 1946 758 2008 controversiae
785 1946 930 2028 episcopi
962 1945 1191 2009 Lincolnensis
1214 1947 1340 2009 domini
1366 1945 1524 2009 Willelmi
1549 1944 1706 2026 Alnwyk,

353 2074 387 2128 et
417 2066 521 2147 partis
550 2066 610 2128 sibi
641 2067 788 2130 adversa·
818 2068 933 2130 decani
965 2068 1096 2150 superbi
1127 2067 1277 2149 ejusdem
1308 2067 1463 2142 ecclesiae,
1490 2067 1547 2149 qui
1577 2066 1705 2149 optavit

352 2195 390 2250 ut
423 2187 547 2250 totiens
580 2187 642 2250 sibi
682 2187 907 2266 turificaretur,
941 2189 1025 2252 sicut
1064 2188 1221 2272 episcopo
1234 2211 1241 2266 ;
1278 2199 1311 2252 et
1351 2189 1378 2252 si
1413 2191 1587 2270 episcopus
1620 2195 1706 2250 esset

351 2328 497 2390 praesens
523 2309 556 2371 in
583 2307 721 2372 ecclesia
747 2308 908 2387 Lincoln,
933 2311 1022 2392 quod
1050 2330 1110 2373 nec
1141 2310 1314 2393 episcopus
1345 2330 1404 2373 nec
1433 2309 1517 2373 alius
1548 2309 1706 2390 inciperet

352 2430 496 2493 officium
520 2431 553 2492 in
580 2429 717 2494 ecclesia
740 2429 805 2504 illa,
831 2451 1004 2512 quousque
1031 2431 1175 2494 decanus
1198 2431 1332 2495 stallum
1358 2450 1453 2494 suum
1476 2429 1628 2492 intravit:
1660 2447 1705 2490 ex

352 2571 418 2631 qua
439 2551 661 2615 controversia
681 2551 823 2633 plurima
845 2551 933 2615 mala
954 2563 1068 2616 secuta
1083 2561 1170 2616 sunt.
1215 2552 1262 2616 Et
1277 2552 1374 2634 primi
1395 2550 1518 2614 fructus
1534 2550 1705 2631 episcopa-

352 2679 458 2747 tuum,
485 2693 560 2753 quae
587 2672 672 2736 circa
696 2691 819 2735 annum
846 2673 982 2736 Domini
1013 2693 1048 2735 m
1078 2692 1133 2736 ccc
1160 2673 1192 2754 iij
1225 2674 1425 2755 inceperunt,
1456 2669 1643 2752 duplantur,
1669 2679 1703 2733 et

352 2793 461 2872 precio
485 2792 601 2874 majori
623 2813 724 2875 quarn
747 2792 851 2876 duplo
874 2793 1052 2871 solvuntur,
1068 2813 1112 2857 sc.
1128 2794 1274 2877 quinque
1294 2793 1391 2876 mille,
1408 2793 1463 2855 ubi
1482 2802 1580 2855 antea
1599 2809 1702 2852 unum

354 2911 444 2976 mille
467 2913 665 2978 solvebatur.

438 3043 472 3109 [p.
491 3043 558 3110 165]
603 3035 768 3098 Dominus
794 3056 882 3118 papa
910 3035 1138 3113 consideraret,
1164 3057 1230 3100 non
1257 3037 1364 3100 solum
1392 3057 1466 3119 quae
1496 3035 1567 3117 ipse
1592 3039 1704 3114 potest

354 3151 461 3218 lacere
483 3155 536 3219 vel
564 3157 753 3232 concedere,
781 3158 839 3221 sed
865 3157 944 3239 quid
969 3157 1024 3220 alii
1047 3170 1187 3240 possunt
1213 3159 1377 3240 recipere;
1407 3178 1459 3233 an,
1484 3155 1616 3231 scilicet,
1639 3151 1702 3215 hoc

352 3276 395 3339 sit
419 3277 602 3358 expediens
624 3279 806 3358 animabus,
828 3289 862 3343 et
885 3299 997 3342 earum
1019 3279 1129 3356 saluti,
1152 3289 1185 3344 et
1207 3299 1250 3343 an
1272 3280 1335 3343 hoc
1358 3278 1463 3358 liceat,
1486 3287 1521 3342 et
1543 3274 1703 3358 expediat

352 3395 450 3460 saluti
481 3398 687 3480 animarum;
723 3401 945 3465 consideraret
975 3400 1062 3464 enim
1093 3421 1181 3483 papa
1211 3401 1300 3482 quod
1328 3400 1434 3483 judex
1464 3407 1523 3476 est,
1549 3407 1583 3460 et
1610 3395 1701 3478 quod

352 3527 502 3599 potestas
529 3541 589 3584 sua
620 3543 664 3584 ex
691 3522 756 3585 Dei
783 3523 932 3604 jussione
959 3523 1147 3605 dependet;
1178 3522 1332 3604 quicquid
1360 3522 1446 3584 enim
1475 3520 1567 3602 ligat,
1591 3518 1703 3581 videat

352 3640 442 3719 quod
471 3637 599 3721 judicat
629 3644 811 3706 secundum
838 3643 999 3724 judicium
1031 3641 1105 3706 Dei.
1141 3643 1194 3706 De
1219 3643 1386 3724 judicibus
1417 3643 1497 3706 dicit
1528 3640 1701 3712 Dominus,

353 3757 519 3825 Ezechiel.
540 3762 622 3845 xliiij
647 3770 719 3838 ca⁰.,
745 3763 849 3828 ‘Cum
876 3763 974 3828 luerit
997 3765 1218 3829 controversia
1242 3765 1378 3828 stabunt
1401 3764 1434 3826 in
1453 3763 1585 3844 judiciis
1613 3761 1703 3837 meis,

353 3888 387 3942 et
413 3880 610 3962 judicabunt
640 3883 730 3966 leges
761 3905 860 3962 meas,
886 3895 919 3949 et
945 3895 1113 3969 praecepta
1140 3906 1214 3949 mea
1240 3881 1463 3962 custodient3’
1497 3904 1584 3966 papa
1614 3881 1702 3946 enim

349 3999 519 4081 judicandi
549 4003 651 4068 habet
680 4015 890 4087 potestatem,
920 4007 1032 4071 ‘Deus
1062 4007 1170 4083 enim,'
1196 4017 1281 4071 teste
1310 4005 1472 4089 propheta
1502 4006 1535 4068 in
1564 4004 1705 4081 Psalmo

353 4121 529 4202 ‘judicabit
547 4124 717 4205 justicias,’
738 4147 816 4209 ergo
839 4127 1015 4208 injustitias
1036 4129 1239 4210 rejudicabit.
1287 4127 1453 4209 Quicquid
1478 4127 1566 4190 enim
1589 4135 1639 4190 est
1661 4127 1705 4190 ab

352 4243 536 4323 apostolico
557 4265 655 4328 supra
676 4255 798 4311 terram
820 4247 968 4330 ligatum,
988 4261 1038 4311 est
1062 4250 1231 4332 cognitum
1255 4250 1287 4311 in
1310 4248 1395 4312 coelo
1416 4267 1475 4330 pro
1496 4247 1618 4329 ligat03
1646 4247 1704 4312 sed

1014 4365 1038 4413 X
