4308 4938
480 391 520 461 92
852 382 951 439 LOCI
977 383 1007 437 E
1035 381 1159 437 LIBRO
1194 380 1452 437 VERITATUM.

480 595 593 662 chielis
623 605 676 683 13⁰
702 603 777 674 cat,
799 597 953 663 ‘Violant
974 601 1044 662 'me
1080 597 1124 662 ad
1161 596 1321 680 populum
1352 615 1462 660 meum
1496 605 1631 679 propter
1667 591 1828 678 pugillum

479 717 580 798 ordei,
604 719 666 784 ie.
687 740 748 802 pro
772 718 877 798 donis,
897 728 936 784 ut
956 717 1166 797 vivificarent,
1188 738 1233 782 sc.
1247 717 1328 782 salse
1350 717 1499 791 dicendo,
1520 716 1648 780 animas
1668 736 1744 798 quae
1763 735 1829 780 non

479 838 602 915 vivunt,
628 840 830 905 mencientes
859 839 984 924 populo
1011 859 1086 903 meo
1116 838 1262 904 credenti
1293 835 1492 912 mendaciis,’
1519 837 1538 900 i.
1555 859 1583 902 e.
1608 835 1698 902 falsis
1721 835 1830 900 verbis

478 957 620 1024 violatus
646 960 739 1024 Deus
765 970 861 1036 esset,
890 970 924 1025 et
948 959 1090 1025 violatus
1120 959 1283 1024 diceretur
1311 960 1339 1023 si
1365 957 1571 1040 voluptatem
1597 955 1724 1041 peccati
1755 955 1828 1020 dili-

466 1087 572 1161 geret
594 1080 676 1144 etsi
698 1099 756 1164 per
776 1081 856 1145 talia
877 1099 978 1164 opera
992 1080 1123 1144 veniam
1144 1088 1287 1144 suamet
1305 1079 1448 1162 graciam
1472 1076 1641 1144 conferret.
1669 1075 1830 1142 ‘Pecunia

479 1195 556 1278 tua,’
576 1198 681 1282 inquit
701 1199 842 1266 Sanctus
858 1199 983 1277 Petrus,
1000 1203 1131 1266 ‘tecum
1155 1201 1198 1264 sit
1222 1201 1255 1264 in
1276 1199 1507 1283 perdicionem,
1524 1199 1603 1282 quia
1623 1197 1748 1262 donum
1764 1193 1829 1261 Dei

479 1319 678 1386 existimasti
701 1323 839 1403 pecunia
864 1320 1022 1404 possideri
1038 1318 1057 1400 ;'
1083 1319 1233 1385 Actuum
1255 1317 1299 1382 8⁰.
1344 1319 1508 1384 Converte
1533 1339 1612 1403 ergo
1634 1339 1695 1383 nos
1716 1317 1759 1382 ad
1782 1325 1828 1390 te,

480 1437 511 1504 Ο
528 1439 622 1504 Deus
636 1440 787 1505 salutaris
802 1441 931 1506 nosterl
953 1450 987 1506 et
1002 1440 1085 1506 sicut
1100 1439 1197 1505 luerit
1210 1439 1363 1505 voluntas
1378 1440 1411 1503 in
1427 1439 1513 1504 coelo
1528 1440 1574 1504 sic
1590 1439 1658 1504 fiat.
1683 1437 1806 1504 Amen.

565 1559 755 1644 Septimum
785 1560 907 1626 flumen
938 1561 1139 1626 Babilonicae
1175 1560 1373 1626 confusionis
1409 1559 1503 1643 plura
1538 1580 1638 1644 opera
1671 1558 1760 1625 bona
1794 1567 1829 1624 et

476 1677 606 1744 animas
638 1681 810 1746 destruens
845 1691 880 1746 et
914 1681 1002 1745 mala
1037 1701 1176 1745 causans
1208 1691 1260 1746 est
1294 1681 1416 1770 abusus
1450 1679 1737 1763 dispensacionum
1771 1699 1827 1744 seu

476 1798 687 1865 licenciarum
709 1801 878 1884 papalium
899 1810 934 1866 et
954 1801 1093 1866 aliorum
1115 1801 1344 1885 episcoporum
1367 1811 1401 1866 et
1423 1801 1682 1885 praesidencium.
1725 1799 1829 1864 Teste

478 1919 567 1984 enim
585 1921 736 2004 apostoli,
754 1931 787 1987 2·
805 1921 849 1986 ad
867 1921 1063 1987 Corintheos
1078 1920 1205 2000 ultimo,
1220 1921 1358 2004 loquens
1373 1922 1416 1986 de
1433 1921 1602 2005 apostolis,
1621 1919 1717 1986 ‘Non
1739 1919 1827 1985 enirn

478 2059 654 2122 possumus
683 2040 807 2126 aliquid
837 2040 996 2106 adversus
1023 2041 1208 2118 veritatem,
1238 2043 1297 2105 sed
1328 2061 1389 2124 pro
1418 2039 1567 2106 veritate.
1621 2040 1827 2106 Potestatem

477 2159 566 2224 enim
589 2161 688 2226 michi
712 2162 804 2227 dedit
827 2163 992 2227 Dominus
1018 2162 1051 2226 in
1074 2161 1331 2226 aedificacionem
1358 2171 1391 2226 et
1417 2182 1483 2226 non
1510 2161 1543 2225 in
1566 2160 1826 2226 destruccionem

477 2279 641 2345 vestram!
686 2281 763 2346 Hoc
786 2281 830 2345 ibi
849 2281 1019 2365 apostolus
1037 2289 1070 2347 a·
1083 2282 1126 2346 ad
1145 2280 1342 2346 Corintheos
1363 2287 1418 2366 13⁰
1438 2287 1500 2347 ca0.
1544 2279 1698 2359 ‘Nichil’
1714 2279 1827 2363 inquit,

479 2407 672 2484 ‘possumus
697 2411 811 2466 contra
832 2401 1026 2485 veritatem,‘
1053 2423 1097 2466 sc·
1124 2422 1185 2466 nec
1214 2403 1300 2480 vitae,
1324 2423 1385 2468 nec
1411 2411 1526 2468 contra
1551 2401 1725 2466 veritatem
1749 2401 1826 2466 doc·

477 2520 580 2600 trinae,
596 2541 656 2586 nec
675 2520 826 2604 justiciae,
842 2531 879 2587 ut
899 2523 1045 2588 declarat
1065 2523 1197 2606 egregie
1217 2523 1346 2588 Doctor
1365 2522 1546 2587 Nicholaus
1568 2520 1707 2586 Gorram
1729 2539 1828 2604 super

478 2639 665 2723 Epistolam
689 2639 879 2708 Secundam
901 2644 945 2706 ad
970 2641 1188 2722 Corintheos;
1214 2653 1252 2707 'et
1277 2643 1352 2708 ideo
1374 2643 1454 2708 dicit
1476 2653 1609 2707 sanctus
1632 2643 1723 2726 Papa
1745 2640 1827 2706 Gre-

476 2761 587 2844 gorius
613 2781 712 2845 super
735 2761 964 2829 Ezechielem:
994 2762 1131 2828 ‘Pocius
1154 2764 1277 2828 oriatur
1302 2761 1505 2841 scandalum,
1527 2783 1572 2828 sc.
1594 2762 1722 2828 occasio
1749 2761 1826 2826 mali

477 2880 577 2945 fiendi
603 2902 662 2964 per
687 2883 769 2947 alios
796 2904 896 2966 quam
922 2885 1042 2950 veritas
1068 2883 1278 2966 relinquatur,
1302 2903 1346 2948 sc.
1374 2883 1558 2948 necessaria
1585 2894 1619 2949 et
1644 2882 1826 2966 expediens

472 3001 598 3074 ¹veritas
620 3001 663 3066 ad
686 3003 827 3068 salutem
850 3003 1051 3082 animarum,’
1072 3014 1109 3069 ut
1131 3014 1272 3069 testatur
1293 3003 1426 3084 ibidem,
1446 3024 1618 3086 exponens
1641 3003 1705 3068 ista
1727 3003 1827 3068 verba

477 3122 623 3200 Domini,
651 3122 779 3188 Mathei
810 3143 822 3184 r
828 3131 883 3207 5⁰:
918 3124 1043 3191 ‘Sinite
1069 3124 1152 3204 illos,
1174 3145 1217 3190 sc.
1241 3124 1424 3200 Phariseos,
1449 3123 1672 3200 scandalizari,
1698 3123 1719 3188 i.
1729 3143 1757 3188 e.
1782 3119 1825 3188 ad

477 3243 601 3306 malum
624 3245 745 3308 moveri
770 3246 952 3322 occasione,
977 3265 1078 3329 quam
1106 3243 1192 3310 male
1216 3245 1381 3328 accipiunt
1407 3265 1452 3309 ex
1475 3244 1583 3309 verbis
1607 3243 1690 3308 meis
1712 3241 1827 3308 bonis?

477 3363 595 3429 Pocius
624 3365 712 3429 enim
738 3365 898 3430 debemus
927 3365 1118 3450 permittere
1148 3365 1237 3430 mala
1265 3365 1343 3443 fieri,
1368 3385 1444 3449 quae
1469 3365 1628 3448 impedire
1658 3384 1724 3428 nou
1750 3383 1826 3448 pos·

476 3505 598 3564 sumus,
624 3506 725 3568 quam
752 3507 772 3550 a
798 3486 887 3550 bono
916 3507 1051 3563 cessare,
1079 3487 1122 3551 ad
1149 3487 1238 3570 quod
1265 3495 1426 3550 tenemur.
1474 3486 1547 3550 Nec
1577 3485 1824 3551 concedendum

476 3615 526 3669 est
552 3605 678 3669 bonum
701 3626 767 3669 non
790 3607 1009 3670 necessarium
1032 3607 1109 3681 fieri,
1133 3607 1222 3670 unde
1244 3605 1310 3670 alia
1330 3607 1420 3671 bona
1446 3615 1480 3671 et
1505 3606 1589 3671 forte
1616 3603 1740 3688 majora
1765 3623 1825 3688 pro

476 3725 533 3789 illo
563 3726 652 3790 bono
681 3725 791 3790 fiendo
817 3727 1039 3791 destruuntur.
1084 3727 1277 3792 ‘Faciamus
1303 3727 1392 3792 mala
1418 3735 1455 3790 ut
1480 3725 1674 3790 habundent
1699 3721 1827 3788 bona?’

476 3845 613 3925 ‘Absit’
627 3847 734 3929 inquit
755 3847 933 3932 apostolus.
979 3849 1057 3912 Non
1078 3858 1128 3912 est
1149 3869 1227 3931 ergo
1246 3849 1371 3913 bonum
1391 3847 1557 3912 absentari
1572 3867 1593 3910 a
1608 3865 1685 3911 cura
1700 3845 1826 3909 anima·

475 3987 557 4047 rum,
580 3989 640 4033 nec
670 3968 825 4034 ecclesias
855 3978 888 4034 et
921 3989 1033 4033 curam
1062 3969 1247 4033 animarum
1276 3969 1401 4034 destrui
1430 3988 1490 4051 per
1518 3966 1825 4050 appropriacionem

475 4087 529 4152 vel
551 4087 775 4172 pluralitatem
796 4110 857 4173 pro
878 4089 1020 4154 minimis
1040 4089 1136 4154 bonis
1157 4090 1283 4154 fiendis.
1329 4088 1426 4153 Plura
1447 4089 1534 4154 enim
1557 4087 1657 4152 licent
1677 4087 1710 4150 in
1735 4093 1826 4151 certo

475 4217 635 4292 tempore,
654 4231 728 4293 quae
744 4233 810 4277 non
826 4232 956 4295 semper
977 4211 1077 4277 licent
1097 4232 1157 4277 nec
1174 4210 1358 4293 expediunt
1369 4235 1378 4290 ;
1401 4218 1435 4274 et
1458 4209 1533 4274 ideo
1552 4207 1631 4274 dicit
1646 4205 1825 4292 apostolus,
