<?xml version="1.0" encoding="UTF-8"?>
<!DOCTYPE html PUBLIC "-//W3C//DTD XHTML 1.0 Transitional//EN"
    "http://www.w3.org/TR/xhtml1/DTD/xhtml1-transitional.dtd">
<html xmlns="http://www.w3.org/1999/xhtml" xml:lang="en" lang="en">
 <head>
  <title>
</title>
<meta http-equiv="Content-Type" content="text/html;charset=utf-8" />
  <meta name='ocr-system' content='tesseract 3.04.00' />
  <meta name='ocr-capabilities' content='ocr_page ocr_carea ocr_par ocr_line ocrx_word'/>
</head>
<body>
  <div class='ocr_page' id='page_1' title='image "./locielibroverit01gascgoog_0283.png"; bbox 0 0 4322 4936; ppageno 0'>
   <div class='ocr_carea' id='block_1_1' title="bbox 493 355 1468 424">
    <p class='ocr_par' dir='ltr' id='par_1_1' title="bbox 493 355 1468 424">
     <span class='ocr_line' id='line_1_1' title="bbox 493 355 1468 424; baseline 0.009 -18"><span class='ocrx_word' id='word_1_1' title='bbox 493 357 553 424; x_wconf 86' lang='lat'>170</span> <span class='ocrx_word' id='word_1_2' title='bbox 868 355 968 410; x_wconf 87' lang='lat' dir='ltr'><em>LOCI</em></span> <span class='ocrx_word' id='word_1_3' title='bbox 992 356 1022 410; x_wconf 93' lang='lat' dir='ltr'><em>E</em></span> <span class='ocrx_word' id='word_1_4' title='bbox 1050 357 1174 412; x_wconf 88' lang='lat' dir='ltr'><em>LIBRO</em></span> <span class='ocrx_word' id='word_1_5' title='bbox 1210 358 1468 415; x_wconf 84' lang='lat' dir='ltr'><em>VERITATUM.</em></span> 
     </span>
    </p>
   </div>
   <div class='ocr_carea' id='block_1_2' title="bbox 488 569 1843 4278">
    <p class='ocr_par' dir='ltr' id='par_1_2' title="bbox 489 569 1843 1857">
     <span class='ocr_line' id='line_1_2' title="bbox 489 569 1843 655; baseline 0.002 -22"><span class='ocrx_word' id='word_1_6' title='bbox 489 569 662 652; x_wconf 84' lang='lat' dir='ltr'>religiosus</span> <span class='ocrx_word' id='word_1_7' title='bbox 686 569 719 633; x_wconf 91' lang='lat' dir='ltr'>in</span> <span class='ocrx_word' id='word_1_8' title='bbox 744 571 945 635; x_wconf 91' lang='lat' dir='ltr'>monasterio</span> <span class='ocrx_word' id='word_1_9' title='bbox 968 571 1061 654; x_wconf 89' lang='lat' dir='ltr'>Syon</span> <span class='ocrx_word' id='word_1_10' title='bbox 1084 571 1118 635; x_wconf 95' lang='lat' dir='ltr'>in</span> <span class='ocrx_word' id='word_1_11' title='bbox 1134 571 1270 655; x_wconf 89' lang='lat' dir='ltr'>Anglia,</span> <span class='ocrx_word' id='word_1_12' title='bbox 1289 571 1367 637; x_wconf 81' lang='lat' dir='ltr'>iecit</span> <span class='ocrx_word' id='word_1_13' title='bbox 1389 572 1486 636; x_wconf 86' lang='lat' dir='ltr'>scribi</span> <span class='ocrx_word' id='word_1_14' title='bbox 1510 573 1638 650; x_wconf 85' lang='lat' dir='ltr'>Romae,</span> <span class='ocrx_word' id='word_1_15' title='bbox 1662 573 1843 648; x_wconf 88' lang='lat' dir='ltr'>secundum</span> 
     </span>
     <span class='ocr_line' id='line_1_3' title="bbox 492 691 1843 776; baseline 0.002 -22"><span class='ocrx_word' id='word_1_16' title='bbox 492 691 684 773; x_wconf 86' lang='lat' dir='ltr'>Registrum</span> <span class='ocrx_word' id='word_1_17' title='bbox 708 712 804 775; x_wconf 85' lang='lat' dir='ltr'>papae</span> <span class='ocrx_word' id='word_1_18' title='bbox 827 692 963 757; x_wconf 90' lang='lat' dir='ltr'>Martini</span> <span class='ocrx_word' id='word_1_19' title='bbox 989 693 1105 775; x_wconf 90' lang='lat' dir='ltr'>quinti,</span> <span class='ocrx_word' id='word_1_20' title='bbox 1125 695 1260 775; x_wconf 87' lang='lat' dir='ltr'>quando</span> <span class='ocrx_word' id='word_1_21' title='bbox 1283 694 1372 758; x_wconf 93' lang='lat' dir='ltr'>idem</span> <span class='ocrx_word' id='word_1_22' title='bbox 1393 693 1524 776; x_wconf 89' lang='lat' dir='ltr'>Symon</span> <span class='ocrx_word' id='word_1_23' title='bbox 1544 692 1697 775; x_wconf 90' lang='lat' dir='ltr'>Wynter,</span> <span class='ocrx_word' id='word_1_24' title='bbox 1719 695 1843 758; x_wconf 89' lang='lat' dir='ltr'>ordinis</span> 
     </span>
     <span class='ocr_line' id='line_1_4' title="bbox 490 809 1841 897; baseline 0.002 -21"><span class='ocrx_word' id='word_1_25' title='bbox 490 809 605 876; x_wconf 81' lang='lat' dir='ltr'>Sancti</span> <span class='ocrx_word' id='word_1_26' title='bbox 627 811 817 889; x_wconf 87' lang='lat' dir='ltr'>Salvatoris,</span> <span class='ocrx_word' id='word_1_27' title='bbox 842 813 903 876; x_wconf 84' lang='lat' dir='ltr'>suit</span> <span class='ocrx_word' id='word_1_28' title='bbox 927 813 1048 877; x_wconf 84' lang='lat' dir='ltr'>Romae</span> <span class='ocrx_word' id='word_1_29' title='bbox 1075 834 1151 878; x_wconf 92' lang='lat' dir='ltr'>cum</span> <span class='ocrx_word' id='word_1_30' title='bbox 1174 815 1310 878; x_wconf 93' lang='lat' dir='ltr'>domino</span> <span class='ocrx_word' id='word_1_31' title='bbox 1333 813 1466 878; x_wconf 91' lang='lat' dir='ltr'>Thoma</span> <span class='ocrx_word' id='word_1_32' title='bbox 1486 813 1708 897; x_wconf 89' lang='lat' dir='ltr'>Fyschborne,</span> <span class='ocrx_word' id='word_1_33' title='bbox 1734 815 1841 897; x_wconf 90' lang='lat' dir='ltr'>primo</span> 
     </span>
     <span class='ocr_line' id='line_1_5' title="bbox 489 933 1841 1018; baseline 0.001 -21"><span class='ocrx_word' id='word_1_34' title='bbox 489 933 675 998; x_wconf 84' lang='lat' dir='ltr'>confessore</span> <span class='ocrx_word' id='word_1_35' title='bbox 697 933 843 1016; x_wconf 89' lang='lat' dir='ltr'>generali</span> <span class='ocrx_word' id='word_1_36' title='bbox 870 934 902 997; x_wconf 92' lang='lat' dir='ltr'>in</span> <span class='ocrx_word' id='word_1_37' title='bbox 931 935 1131 999; x_wconf 89' lang='lat' dir='ltr'>monasterio</span> <span class='ocrx_word' id='word_1_38' title='bbox 1154 934 1256 1018; x_wconf 86' lang='lat' dir='ltr'>Syon,</span> <span class='ocrx_word' id='word_1_39' title='bbox 1280 955 1380 1017; x_wconf 91' lang='lat' dir='ltr'>quem</span> <span class='ocrx_word' id='word_1_40' title='bbox 1404 934 1522 1017; x_wconf 89' lang='lat' dir='ltr'>vulgus</span> <span class='ocrx_word' id='word_1_41' title='bbox 1548 944 1647 999; x_wconf 92' lang='lat' dir='ltr'>vocat</span> <span class='ocrx_word' id='word_1_42' title='bbox 1671 934 1841 1014; x_wconf 88' lang='lat' dir='ltr'>Scheene;</span> 
     </span>
     <span class='ocr_line' id='line_1_6' title="bbox 489 1053 1843 1139; baseline 0.003 -23"><span class='ocrx_word' id='word_1_43' title='bbox 489 1053 547 1135; x_wconf 93' lang='lat' dir='ltr'>qui</span> <span class='ocrx_word' id='word_1_44' title='bbox 576 1053 751 1128; x_wconf 87' lang='lat' dir='ltr'>consessor,</span> <span class='ocrx_word' id='word_1_45' title='bbox 775 1063 854 1118; x_wconf 89' lang='lat' dir='ltr'>ante</span> <span class='ocrx_word' id='word_1_46' title='bbox 883 1053 1054 1120; x_wconf 89' lang='lat' dir='ltr'>introitum</span> <span class='ocrx_word' id='word_1_47' title='bbox 1085 1055 1118 1118; x_wconf 92' lang='lat' dir='ltr'>in</span> <span class='ocrx_word' id='word_1_48' title='bbox 1149 1054 1350 1137; x_wconf 83' lang='lat' dir='ltr'>religionem,</span> <span class='ocrx_word' id='word_1_49' title='bbox 1372 1055 1435 1118; x_wconf 89' lang='lat' dir='ltr'>luit</span> <span class='ocrx_word' id='word_1_50' title='bbox 1468 1074 1608 1137; x_wconf 85' lang='lat' dir='ltr'>magnus</span> <span class='ocrx_word' id='word_1_51' title='bbox 1636 1056 1780 1139; x_wconf 86' lang='lat' dir='ltr'>armiger</span> <span class='ocrx_word' id='word_1_52' title='bbox 1808 1066 1843 1120; x_wconf 89' lang='lat' dir='ltr'>et</span> 
     </span>
     <span class='ocr_line' id='line_1_7' title="bbox 491 1173 1843 1259; baseline 0.002 -22"><span class='ocrx_word' id='word_1_53' title='bbox 491 1174 634 1238; x_wconf 89' lang='lat' dir='ltr'>denotus</span> <span class='ocrx_word' id='word_1_54' title='bbox 658 1174 691 1238; x_wconf 92' lang='lat' dir='ltr'>in</span> <span class='ocrx_word' id='word_1_55' title='bbox 715 1174 807 1239; x_wconf 89' lang='lat' dir='ltr'>boria</span> <span class='ocrx_word' id='word_1_56' title='bbox 830 1173 974 1257; x_wconf 86' lang='lat' dir='ltr'>Angliae,</span> <span class='ocrx_word' id='word_1_57' title='bbox 991 1185 1089 1240; x_wconf 89' lang='lat' dir='ltr'>natus</span> <span class='ocrx_word' id='word_1_58' title='bbox 1114 1175 1202 1240; x_wconf 89' lang='lat' dir='ltr'>ultra</span> <span class='ocrx_word' id='word_1_59' title='bbox 1223 1175 1423 1252; x_wconf 89' lang='lat' dir='ltr'>Eboracum,</span> <span class='ocrx_word' id='word_1_60' title='bbox 1446 1197 1546 1259; x_wconf 90' lang='lat' dir='ltr'>quem</span> <span class='ocrx_word' id='word_1_61' title='bbox 1572 1196 1634 1257; x_wconf 85' lang='lat' dir='ltr'>ego</span> <span class='ocrx_word' id='word_1_62' title='bbox 1656 1175 1843 1259; x_wconf 88' lang='lat' dir='ltr'>Gascoigne</span> 
     </span>
     <span class='ocr_line' id='line_1_8' title="bbox 489 1295 1842 1379; baseline 0.001 -21"><span class='ocrx_word' id='word_1_63' title='bbox 489 1295 566 1372; x_wconf 91' lang='lat' dir='ltr'>vidi,</span> <span class='ocrx_word' id='word_1_64' title='bbox 592 1305 627 1360; x_wconf 86' lang='lat' dir='ltr'>et</span> <span class='ocrx_word' id='word_1_65' title='bbox 657 1295 754 1359; x_wconf 90' lang='lat' dir='ltr'>valde</span> <span class='ocrx_word' id='word_1_66' title='bbox 778 1296 854 1360; x_wconf 91' lang='lat' dir='ltr'>Deo</span> <span class='ocrx_word' id='word_1_67' title='bbox 884 1296 1041 1360; x_wconf 91' lang='lat' dir='ltr'>devotum</span> <span class='ocrx_word' id='word_1_68' title='bbox 1065 1297 1235 1379; x_wconf 90' lang='lat' dir='ltr'>reputavi:</span> <span class='ocrx_word' id='word_1_69' title='bbox 1267 1306 1301 1360; x_wconf 90' lang='lat' dir='ltr'>et</span> <span class='ocrx_word' id='word_1_70' title='bbox 1328 1297 1449 1360; x_wconf 90' lang='lat' dir='ltr'>librum</span> <span class='ocrx_word' id='word_1_71' title='bbox 1479 1297 1673 1379; x_wconf 85' lang='lat' dir='ltr'>praedictum</span> <span class='ocrx_word' id='word_1_72' title='bbox 1703 1305 1842 1362; x_wconf 88' lang='lat' dir='ltr'>attesta-</span> 
     </span>
     <span class='ocr_line' id='line_1_9' title="bbox 489 1415 1842 1500; baseline 0.003 -22"><span class='ocrx_word' id='word_1_73' title='bbox 489 1415 622 1478; x_wconf 92' lang='lat' dir='ltr'>cionum</span> <span class='ocrx_word' id='word_1_74' title='bbox 653 1416 729 1480; x_wconf 92' lang='lat' dir='ltr'>dedi</span> <span class='ocrx_word' id='word_1_75' title='bbox 760 1418 959 1480; x_wconf 89' lang='lat' dir='ltr'>monasterio</span> <span class='ocrx_word' id='word_1_76' title='bbox 992 1417 1035 1482; x_wconf 89' lang='lat' dir='ltr'>de</span> <span class='ocrx_word' id='word_1_77' title='bbox 1061 1417 1177 1500; x_wconf 86' lang='lat' dir='ltr'>Osney</span> <span class='ocrx_word' id='word_1_78' title='bbox 1202 1417 1304 1499; x_wconf 82' lang='lat' dir='ltr'>juxta</span> <span class='ocrx_word' id='word_1_79' title='bbox 1334 1417 1525 1498; x_wconf 89' lang='lat' dir='ltr'>Oxoniam;</span> <span class='ocrx_word' id='word_1_80' title='bbox 1557 1427 1590 1482; x_wconf 91' lang='lat' dir='ltr'>et</span> <span class='ocrx_word' id='word_1_81' title='bbox 1619 1416 1691 1481; x_wconf 86' lang='lat' dir='ltr'>haec</span> <span class='ocrx_word' id='word_1_82' title='bbox 1717 1417 1842 1482; x_wconf 88' lang='lat' dir='ltr'>Sancta</span> 
     </span>
     <span class='ocr_line' id='line_1_10' title="bbox 490 1535 1843 1620; baseline 0.002 -23"><span class='ocrx_word' id='word_1_83' title='bbox 490 1535 641 1618; x_wconf 86' lang='lat' dir='ltr'>Birgitta,</span> <span class='ocrx_word' id='word_1_84' title='bbox 662 1545 813 1600; x_wconf 90' lang='lat' dir='ltr'>matrona</span> <span class='ocrx_word' id='word_1_85' title='bbox 840 1537 883 1600; x_wconf 91' lang='lat' dir='ltr'>de</span> <span class='ocrx_word' id='word_1_86' title='bbox 909 1556 1011 1618; x_wconf 89' lang='lat' dir='ltr'>regno</span> <span class='ocrx_word' id='word_1_87' title='bbox 1033 1536 1161 1602; x_wconf 84' lang='lat' dir='ltr'>Sueciae</span> <span class='ocrx_word' id='word_1_88' title='bbox 1188 1548 1222 1602; x_wconf 88' lang='lat' dir='ltr'>et</span> <span class='ocrx_word' id='word_1_89' title='bbox 1245 1547 1405 1620; x_wconf 89' lang='lat' dir='ltr'>perpetua</span> <span class='ocrx_word' id='word_1_90' title='bbox 1432 1537 1493 1600; x_wconf 90' lang='lat' dir='ltr'>Xti</span> <span class='ocrx_word' id='word_1_91' title='bbox 1516 1537 1596 1618; x_wconf 90' lang='lat' dir='ltr'>Jesu</span> <span class='ocrx_word' id='word_1_92' title='bbox 1623 1557 1754 1618; x_wconf 89' lang='lat' dir='ltr'>sponsa,</span> <span class='ocrx_word' id='word_1_93' title='bbox 1781 1537 1843 1600; x_wconf 85' lang='lat' dir='ltr'>suit</span> 
     </span>
     <span class='ocr_line' id='line_1_11' title="bbox 489 1655 1842 1741; baseline 0.003 -23"><span class='ocrx_word' id='word_1_94' title='bbox 489 1655 609 1720; x_wconf 87' lang='lat' dir='ltr'>Romae</span> <span class='ocrx_word' id='word_1_95' title='bbox 645 1659 839 1722; x_wconf 89' lang='lat' dir='ltr'>canonizata</span> <span class='ocrx_word' id='word_1_96' title='bbox 873 1678 932 1740; x_wconf 92' lang='lat' dir='ltr'>per</span> <span class='ocrx_word' id='word_1_97' title='bbox 968 1679 1091 1741; x_wconf 90' lang='lat' dir='ltr'>papam</span> <span class='ocrx_word' id='word_1_98' title='bbox 1121 1657 1328 1722; x_wconf 86' lang='lat' dir='ltr'>Bonilacium</span> <span class='ocrx_word' id='word_1_99' title='bbox 1357 1658 1428 1734; x_wconf 65' lang='lat' dir='ltr'>lxm,</span> <span class='ocrx_word' id='word_1_100' title='bbox 1467 1678 1501 1720; x_wconf 93' lang='lat' dir='ltr'>m</span> <span class='ocrx_word' id='word_1_101' title='bbox 1531 1677 1586 1722; x_wconf 89' lang='lat' dir='ltr'>ccc</span> <span class='ocrx_word' id='word_1_102' title='bbox 1627 1658 1842 1740; x_wconf 86' lang='lat' dir='ltr'>nonagesimo</span> 
     </span>
     <span class='ocr_line' id='line_1_12' title="bbox 489 1775 1071 1857; baseline 0.012 -20"><span class='ocrx_word' id='word_1_103' title='bbox 489 1775 604 1857; x_wconf 89' lang='lat' dir='ltr'>primo,</span> <span class='ocrx_word' id='word_1_104' title='bbox 629 1783 662 1857; x_wconf 89' lang='lat'>7⁰</span> <span class='ocrx_word' id='word_1_105' title='bbox 684 1779 738 1840; x_wconf 89' lang='lat' dir='ltr'>die</span> <span class='ocrx_word' id='word_1_106' title='bbox 761 1779 883 1842; x_wconf 87' lang='lat' dir='ltr'>mensis</span> <span class='ocrx_word' id='word_1_107' title='bbox 907 1778 1071 1844; x_wconf 77' lang='lat' dir='ltr'>Octobris</span> 
     </span>
    </p>

    <p class='ocr_par' dir='ltr' id='par_1_3' title="bbox 488 1897 1843 3550">
     <span class='ocr_line' id='line_1_13' title="bbox 576 1897 1843 1982; baseline -0.002 -20"><span class='ocrx_word' id='word_1_108' title='bbox 576 1906 707 1975; x_wconf 85' lang='lat' dir='ltr'>[p.190.]</span> <span class='ocrx_word' id='word_1_109' title='bbox 751 1899 862 1982; x_wconf 82' lang='lat' dir='ltr'>Quem</span> <span class='ocrx_word' id='word_1_110' title='bbox 891 1909 1025 1964; x_wconf 87' lang='lat' dir='ltr'>textum</span> <span class='ocrx_word' id='word_1_111' title='bbox 1053 1900 1140 1963; x_wconf 90' lang='lat' dir='ltr'>bene</span> <span class='ocrx_word' id='word_1_112' title='bbox 1170 1897 1317 1963; x_wconf 86' lang='lat' dir='ltr'>declarat</span> <span class='ocrx_word' id='word_1_113' title='bbox 1344 1899 1496 1962; x_wconf 92' lang='lat' dir='ltr'>dominus</span> <span class='ocrx_word' id='word_1_114' title='bbox 1522 1898 1664 1962; x_wconf 92' lang='lat' dir='ltr'>Lincoln</span> <span class='ocrx_word' id='word_1_115' title='bbox 1693 1898 1727 1962; x_wconf 90' lang='lat' dir='ltr'>in</span> <span class='ocrx_word' id='word_1_116' title='bbox 1758 1898 1843 1981; x_wconf 91' lang='lat' dir='ltr'>epis·</span> 
     </span>
     <span class='ocr_line' id='line_1_14' title="bbox 489 2017 1840 2102; baseline 0.001 -21"><span class='ocrx_word' id='word_1_117' title='bbox 489 2017 559 2082; x_wconf 88' lang='lat' dir='ltr'>tola</span> <span class='ocrx_word' id='word_1_118' title='bbox 585 2039 644 2082; x_wconf 89' lang='lat' dir='ltr'>sua</span> <span class='ocrx_word' id='word_1_119' title='bbox 668 2020 857 2101; x_wconf 86' lang='lat' dir='ltr'>responsiva</span> <span class='ocrx_word' id='word_1_120' title='bbox 882 2020 926 2083; x_wconf 92' lang='lat' dir='ltr'>ad</span> <span class='ocrx_word' id='word_1_121' title='bbox 950 2019 1127 2102; x_wconf 89' lang='lat' dir='ltr'>epistolam</span> <span class='ocrx_word' id='word_1_122' title='bbox 1150 2040 1247 2102; x_wconf 87' lang='lat' dir='ltr'>papae</span> <span class='ocrx_word' id='word_1_123' title='bbox 1272 2017 1460 2082; x_wconf 90' lang='lat' dir='ltr'>Innocencii</span> <span class='ocrx_word' id='word_1_124' title='bbox 1483 2020 1619 2083; x_wconf 89' lang='lat' dir='ltr'>missam</span> <span class='ocrx_word' id='word_1_125' title='bbox 1641 2040 1662 2082; x_wconf 91' lang='lat' dir='ltr'>a</span> <span class='ocrx_word' id='word_1_126' title='bbox 1684 2039 1772 2101; x_wconf 90' lang='lat' dir='ltr'>papa</span> <span class='ocrx_word' id='word_1_127' title='bbox 1797 2019 1840 2082; x_wconf 89' lang='lat' dir='ltr'>ad</span> 
     </span>
     <span class='ocr_line' id='line_1_15' title="bbox 489 2138 1842 2222; baseline 0 -20"><span class='ocrx_word' id='word_1_128' title='bbox 489 2138 756 2203; x_wconf 88' lang='lat' dir='ltr'>archidiaconum</span> <span class='ocrx_word' id='word_1_129' title='bbox 784 2139 1066 2218; x_wconf 86' lang='lat' dir='ltr'>Cantuariensem,</span> <span class='ocrx_word' id='word_1_130' title='bbox 1097 2149 1131 2205; x_wconf 89' lang='lat' dir='ltr'>et</span> <span class='ocrx_word' id='word_1_131' title='bbox 1164 2142 1207 2204; x_wconf 89' lang='lat' dir='ltr'>ad</span> <span class='ocrx_word' id='word_1_132' title='bbox 1239 2140 1474 2205; x_wconf 89' lang='lat' dir='ltr'>Innocencium</span> <span class='ocrx_word' id='word_1_133' title='bbox 1503 2139 1715 2204; x_wconf 90' lang='lat' dir='ltr'>collectorem</span> <span class='ocrx_word' id='word_1_134' title='bbox 1745 2159 1842 2222; x_wconf 86' lang='lat' dir='ltr'>papae</span> 
     </span>
     <span class='ocr_line' id='line_1_16' title="bbox 488 2259 1842 2343; baseline -0.001 -21"><span class='ocrx_word' id='word_1_135' title='bbox 488 2260 522 2322; x_wconf 89' lang='lat' dir='ltr'>in</span> <span class='ocrx_word' id='word_1_136' title='bbox 549 2259 676 2343; x_wconf 85' lang='lat' dir='ltr'>Anglia</span> <span class='ocrx_word' id='word_1_137' title='bbox 705 2281 764 2343; x_wconf 92' lang='lat' dir='ltr'>pro</span> <span class='ocrx_word' id='word_1_138' title='bbox 794 2261 980 2343; x_wconf 89' lang='lat' dir='ltr'>provisione</span> <span class='ocrx_word' id='word_1_139' title='bbox 1017 2261 1230 2326; x_wconf 89' lang='lat' dir='ltr'>canonicatus</span> <span class='ocrx_word' id='word_1_140' title='bbox 1261 2260 1384 2342; x_wconf 89' lang='lat' dir='ltr'>juveni,</span> <span class='ocrx_word' id='word_1_141' title='bbox 1415 2260 1608 2324; x_wconf 89' lang='lat' dir='ltr'>Fredericus</span> <span class='ocrx_word' id='word_1_142' title='bbox 1637 2259 1779 2338; x_wconf 91' lang='lat' dir='ltr'>nomine,</span> <span class='ocrx_word' id='word_1_143' title='bbox 1809 2261 1842 2322; x_wconf 89' lang='lat' dir='ltr'>iu</span> 
     </span>
     <span class='ocr_line' id='line_1_17' title="bbox 490 2380 1841 2465; baseline -0.001 -22"><span class='ocrx_word' id='word_1_144' title='bbox 490 2380 627 2444; x_wconf 88' lang='lat' dir='ltr'>ecclesia</span> <span class='ocrx_word' id='word_1_145' title='bbox 652 2380 885 2461; x_wconf 90' lang='lat' dir='ltr'>Lincolniensi,</span> <span class='ocrx_word' id='word_1_146' title='bbox 909 2383 960 2446; x_wconf 89' lang='lat' dir='ltr'>cui</span> <span class='ocrx_word' id='word_1_147' title='bbox 985 2382 1162 2465; x_wconf 89' lang='lat' dir='ltr'>provisioni</span> <span class='ocrx_word' id='word_1_148' title='bbox 1187 2381 1306 2445; x_wconf 85' lang='lat' dir='ltr'>fiendae</span> <span class='ocrx_word' id='word_1_149' title='bbox 1332 2402 1391 2464; x_wconf 90' lang='lat' dir='ltr'>per</span> <span class='ocrx_word' id='word_1_150' title='bbox 1418 2381 1545 2444; x_wconf 93' lang='lat' dir='ltr'>bullam</span> <span class='ocrx_word' id='word_1_151' title='bbox 1568 2402 1665 2464; x_wconf 88' lang='lat' dir='ltr'>papae</span> <span class='ocrx_word' id='word_1_152' title='bbox 1688 2381 1841 2445; x_wconf 92' lang='lat' dir='ltr'>dominus</span> 
     </span>
     <span class='ocr_line' id='line_1_18' title="bbox 490 2499 1841 2596; baseline 0.001 -33"><span class='ocrx_word' id='word_1_153' title='bbox 490 2499 730 2565; x_wconf 91' lang='lat' dir='ltr'>Lincolniensis</span> <span class='ocrx_word' id='word_1_154' title='bbox 760 2522 827 2564; x_wconf 91' lang='lat' dir='ltr'>non</span> <span class='ocrx_word' id='word_1_155' title='bbox 855 2502 960 2596; x_wconf 84' lang='lat' dir='ltr'>voluit</span> <span class='ocrx_word' id='word_1_156' title='bbox 990 2503 1183 2578; x_wconf 87' lang='lat' dir='ltr'>consentire,</span> <span class='ocrx_word' id='word_1_157' title='bbox 1215 2503 1274 2566; x_wconf 91' lang='lat' dir='ltr'>sed</span> <span class='ocrx_word' id='word_1_158' title='bbox 1308 2502 1521 2582; x_wconf 88' lang='lat' dir='ltr'>contradixit,</span> <span class='ocrx_word' id='word_1_159' title='bbox 1551 2503 1663 2566; x_wconf 89' lang='lat' dir='ltr'>dicens</span> <span class='ocrx_word' id='word_1_160' title='bbox 1694 2501 1728 2564; x_wconf 93' lang='lat' dir='ltr'>in</span> <span class='ocrx_word' id='word_1_161' title='bbox 1757 2521 1841 2584; x_wconf 82' lang='lat' dir='ltr'>prae-</span> 
     </span>
     <span class='ocr_line' id='line_1_19' title="bbox 488 2620 1841 2706; baseline 0.001 -24"><span class='ocrx_word' id='word_1_162' title='bbox 488 2620 578 2685; x_wconf 88' lang='lat' dir='ltr'>dicta</span> <span class='ocrx_word' id='word_1_163' title='bbox 604 2621 744 2703; x_wconf 89' lang='lat' dir='ltr'>epistola</span> <span class='ocrx_word' id='word_1_164' title='bbox 766 2643 826 2686; x_wconf 88' lang='lat' dir='ltr'>sua</span> <span class='ocrx_word' id='word_1_165' title='bbox 850 2623 1040 2706; x_wconf 87' lang='lat' dir='ltr'>responsiva</span> <span class='ocrx_word' id='word_1_166' title='bbox 1065 2623 1155 2705; x_wconf 92' lang='lat' dir='ltr'>quod</span> <span class='ocrx_word' id='word_1_167' title='bbox 1179 2623 1356 2706; x_wconf 90' lang='lat' dir='ltr'>providens</span> <span class='ocrx_word' id='word_1_168' title='bbox 1379 2623 1432 2686; x_wconf 90' lang='lat' dir='ltr'>vel</span> <span class='ocrx_word' id='word_1_169' title='bbox 1455 2623 1580 2704; x_wconf 89' lang='lat' dir='ltr'>eligens</span> <span class='ocrx_word' id='word_1_170' title='bbox 1609 2622 1711 2686; x_wconf 91' lang='lat' dir='ltr'>talem</span> <span class='ocrx_word' id='word_1_171' title='bbox 1734 2621 1841 2704; x_wconf 87' lang='lat' dir='ltr'>indig-</span> 
     </span>
     <span class='ocr_line' id='line_1_20' title="bbox 489 2741 1839 2827; baseline 0 -23"><span class='ocrx_word' id='word_1_172' title='bbox 489 2761 569 2804; x_wconf 91' lang='lat' dir='ltr'>num</span> <span class='ocrx_word' id='word_1_173' title='bbox 594 2741 629 2804; x_wconf 89' lang='lat' dir='ltr'>in</span> <span class='ocrx_word' id='word_1_174' title='bbox 655 2741 793 2806; x_wconf 89' lang='lat' dir='ltr'>ecclesia</span> <span class='ocrx_word' id='word_1_175' title='bbox 817 2754 868 2808; x_wconf 89' lang='lat' dir='ltr'>est</span> <span class='ocrx_word' id='word_1_176' title='bbox 897 2743 990 2826; x_wconf 89' lang='lat' dir='ltr'>pejor</span> <span class='ocrx_word' id='word_1_177' title='bbox 1015 2743 1182 2808; x_wconf 86' lang='lat' dir='ltr'>sodomita</span> <span class='ocrx_word' id='word_1_178' title='bbox 1205 2744 1374 2827; x_wconf 91' lang='lat' dir='ltr'>corporali,</span> <span class='ocrx_word' id='word_1_179' title='bbox 1396 2745 1475 2826; x_wconf 87' lang='lat' dir='ltr'>quia</span> <span class='ocrx_word' id='word_1_180' title='bbox 1496 2743 1572 2808; x_wconf 88' lang='lat' dir='ltr'>talis</span> <span class='ocrx_word' id='word_1_181' title='bbox 1597 2743 1766 2807; x_wconf 90' lang='lat' dir='ltr'>ordinator</span> <span class='ocrx_word' id='word_1_182' title='bbox 1786 2741 1839 2806; x_wconf 89' lang='lat' dir='ltr'>vel</span> 
     </span>
     <span class='ocr_line' id='line_1_21' title="bbox 488 2862 1840 2947; baseline 0.001 -23"><span class='ocrx_word' id='word_1_183' title='bbox 488 2863 667 2944; x_wconf 91' lang='lat' dir='ltr'>providens</span> <span class='ocrx_word' id='word_1_184' title='bbox 695 2863 797 2927; x_wconf 89' lang='lat' dir='ltr'>talem</span> <span class='ocrx_word' id='word_1_185' title='bbox 828 2864 1000 2946; x_wconf 89' lang='lat' dir='ltr'>indignum</span> <span class='ocrx_word' id='word_1_186' title='bbox 1027 2865 1167 2947; x_wconf 88' lang='lat' dir='ltr'>impedit</span> <span class='ocrx_word' id='word_1_187' title='bbox 1193 2873 1228 2928; x_wconf 89' lang='lat' dir='ltr'>et</span> <span class='ocrx_word' id='word_1_188' title='bbox 1257 2865 1396 2928; x_wconf 89' lang='lat' dir='ltr'>destruit</span> <span class='ocrx_word' id='word_1_189' title='bbox 1426 2862 1677 2945; x_wconf 87' lang='lat' dir='ltr'>generacionem</span> <span class='ocrx_word' id='word_1_190' title='bbox 1709 2863 1840 2944; x_wconf 90' lang='lat' dir='ltr'>spiritu·</span> 
     </span>
     <span class='ocr_line' id='line_1_22' title="bbox 489 2980 1839 3066; baseline 0.002 -23"><span class='ocrx_word' id='word_1_191' title='bbox 489 2980 577 3045; x_wconf 91' lang='lat' dir='ltr'>alem</span> <span class='ocrx_word' id='word_1_192' title='bbox 592 2982 751 3047; x_wconf 87' lang='lat' dir='ltr'>virtutum</span> <span class='ocrx_word' id='word_1_193' title='bbox 773 2983 806 3046; x_wconf 91' lang='lat' dir='ltr'>in</span> <span class='ocrx_word' id='word_1_194' title='bbox 822 2984 996 3048; x_wconf 88' lang='lat' dir='ltr'>animabus</span> <span class='ocrx_word' id='word_1_195' title='bbox 1010 2983 1191 3061; x_wconf 92' lang='lat' dir='ltr'>hominum,</span> <span class='ocrx_word' id='word_1_196' title='bbox 1207 3004 1289 3066; x_wconf 91' lang='lat' dir='ltr'>quas</span> <span class='ocrx_word' id='word_1_197' title='bbox 1307 2983 1414 3046; x_wconf 91' lang='lat' dir='ltr'>bonus</span> <span class='ocrx_word' id='word_1_198' title='bbox 1434 2993 1566 3047; x_wconf 88' lang='lat' dir='ltr'>curatus</span> <span class='ocrx_word' id='word_1_199' title='bbox 1580 2983 1688 3046; x_wconf 92' lang='lat' dir='ltr'>verbis</span> <span class='ocrx_word' id='word_1_200' title='bbox 1707 2983 1839 3058; x_wconf 90' lang='lat' dir='ltr'>sanctis,</span> 
     </span>
     <span class='ocr_line' id='line_1_23' title="bbox 489 3102 1841 3186; baseline -0.001 -21"><span class='ocrx_word' id='word_1_201' title='bbox 489 3111 524 3165; x_wconf 89' lang='lat' dir='ltr'>et</span> <span class='ocrx_word' id='word_1_202' title='bbox 553 3103 726 3186; x_wconf 86' lang='lat' dir='ltr'>exemplis,</span> <span class='ocrx_word' id='word_1_203' title='bbox 756 3113 790 3168; x_wconf 89' lang='lat' dir='ltr'>et</span> <span class='ocrx_word' id='word_1_204' title='bbox 822 3105 975 3169; x_wconf 90' lang='lat' dir='ltr'>subsidiis</span> <span class='ocrx_word' id='word_1_205' title='bbox 1005 3115 1156 3170; x_wconf 89' lang='lat' dir='ltr'>causaret</span> <span class='ocrx_word' id='word_1_206' title='bbox 1185 3105 1219 3167; x_wconf 92' lang='lat' dir='ltr'>in</span> <span class='ocrx_word' id='word_1_207' title='bbox 1249 3104 1390 3168; x_wconf 91' lang='lat' dir='ltr'>subditis</span> <span class='ocrx_word' id='word_1_208' title='bbox 1426 3103 1514 3182; x_wconf 90' lang='lat' dir='ltr'>suis;</span> <span class='ocrx_word' id='word_1_209' title='bbox 1552 3112 1587 3167; x_wconf 90' lang='lat' dir='ltr'>et</span> <span class='ocrx_word' id='word_1_210' title='bbox 1615 3102 1672 3168; x_wconf 85' lang='lat' dir='ltr'>illa</span> <span class='ocrx_word' id='word_1_211' title='bbox 1701 3102 1841 3186; x_wconf 90' lang='lat' dir='ltr'>epistola</span> 
     </span>
     <span class='ocr_line' id='line_1_24' title="bbox 489 3223 1840 3306; baseline 0.002 -21"><span class='ocrx_word' id='word_1_212' title='bbox 489 3223 678 3306; x_wconf 89' lang='lat' dir='ltr'>responsiva</span> <span class='ocrx_word' id='word_1_213' title='bbox 698 3224 823 3288; x_wconf 92' lang='lat' dir='ltr'>domini</span> <span class='ocrx_word' id='word_1_214' title='bbox 848 3225 1031 3290; x_wconf 88' lang='lat' dir='ltr'>Lincolniae</span> <span class='ocrx_word' id='word_1_215' title='bbox 1054 3224 1199 3290; x_wconf 92' lang='lat' dir='ltr'>doctoris</span> <span class='ocrx_word' id='word_1_216' title='bbox 1224 3224 1363 3288; x_wconf 89' lang='lat' dir='ltr'>Roberti</span> <span class='ocrx_word' id='word_1_217' title='bbox 1388 3223 1595 3288; x_wconf 90' lang='lat' dir='ltr'>Grosseteste</span> <span class='ocrx_word' id='word_1_218' title='bbox 1620 3235 1671 3288; x_wconf 88' lang='lat' dir='ltr'>est</span> <span class='ocrx_word' id='word_1_219' title='bbox 1695 3223 1840 3288; x_wconf 85' lang='lat' dir='ltr'>Oxoniae</span> 
     </span>
     <span class='ocr_line' id='line_1_25' title="bbox 488 3343 1840 3428; baseline 0 -21"><span class='ocrx_word' id='word_1_220' title='bbox 488 3344 523 3406; x_wconf 93' lang='lat' dir='ltr'>in</span> <span class='ocrx_word' id='word_1_221' title='bbox 550 3344 689 3428; x_wconf 89' lang='lat' dir='ltr'>collegio</span> <span class='ocrx_word' id='word_1_222' title='bbox 712 3346 855 3410; x_wconf 85' lang='lat' dir='ltr'>Exoniae</span> <span class='ocrx_word' id='word_1_223' title='bbox 882 3349 915 3410; x_wconf 93' lang='lat' dir='ltr'>in</span> <span class='ocrx_word' id='word_1_224' title='bbox 942 3346 1080 3423; x_wconf 91' lang='lat' dir='ltr'>libraria,</span> <span class='ocrx_word' id='word_1_225' title='bbox 1105 3355 1140 3411; x_wconf 92' lang='lat' dir='ltr'>et</span> <span class='ocrx_word' id='word_1_226' title='bbox 1166 3346 1199 3409; x_wconf 92' lang='lat' dir='ltr'>in</span> <span class='ocrx_word' id='word_1_227' title='bbox 1223 3345 1423 3410; x_wconf 88' lang='lat' dir='ltr'>monasterio</span> <span class='ocrx_word' id='word_1_228' title='bbox 1446 3345 1569 3409; x_wconf 92' lang='lat' dir='ltr'>ordinis</span> <span class='ocrx_word' id='word_1_229' title='bbox 1586 3343 1701 3409; x_wconf 91' lang='lat' dir='ltr'>Sancti</span> <span class='ocrx_word' id='word_1_230' title='bbox 1724 3343 1840 3408; x_wconf 85' lang='lat' dir='ltr'>Salva-</span> 
     </span>
     <span class='ocr_line' id='line_1_26' title="bbox 489 3465 959 3550; baseline 0.004 -20"><span class='ocrx_word' id='word_1_231' title='bbox 489 3465 570 3530; x_wconf 89' lang='lat' dir='ltr'>toris</span> <span class='ocrx_word' id='word_1_232' title='bbox 592 3467 626 3529; x_wconf 91' lang='lat' dir='ltr'>in</span> <span class='ocrx_word' id='word_1_233' title='bbox 650 3466 744 3550; x_wconf 92' lang='lat' dir='ltr'>Syon</span> <span class='ocrx_word' id='word_1_234' title='bbox 767 3469 800 3532; x_wconf 93' lang='lat' dir='ltr'>in</span> <span class='ocrx_word' id='word_1_235' title='bbox 822 3468 959 3550; x_wconf 86' lang='lat' dir='ltr'>Anglia.</span> 
     </span>
    </p>

    <p class='ocr_par' dir='ltr' id='par_1_4' title="bbox 488 3585 1840 4278">
     <span class='ocr_line' id='line_1_27' title="bbox 584 3585 1839 3672; baseline 0 -24"><span class='ocrx_word' id='word_1_236' title='bbox 584 3595 645 3660; x_wconf 72' lang='lat' dir='ltr'>[tn]</span> <span class='ocrx_word' id='word_1_237' title='bbox 689 3587 815 3651; x_wconf 91' lang='lat' dir='ltr'>Audivi</span> <span class='ocrx_word' id='word_1_238' title='bbox 838 3590 926 3652; x_wconf 92' lang='lat' dir='ltr'>enim</span> <span class='ocrx_word' id='word_1_239' title='bbox 950 3589 1078 3654; x_wconf 88' lang='lat' dir='ltr'>dictum</span> <span class='ocrx_word' id='word_1_240' title='bbox 1101 3589 1190 3672; x_wconf 90' lang='lat' dir='ltr'>quod</span> <span class='ocrx_word' id='word_1_241' title='bbox 1211 3608 1299 3671; x_wconf 88' lang='lat' dir='ltr'>papa</span> <span class='ocrx_word' id='word_1_242' title='bbox 1319 3589 1502 3662; x_wconf 89' lang='lat' dir='ltr'>Romanus,</span> <span class='ocrx_word' id='word_1_243' title='bbox 1519 3587 1632 3650; x_wconf 89' lang='lat' dir='ltr'>statim</span> <span class='ocrx_word' id='word_1_244' title='bbox 1653 3594 1730 3668; x_wconf 91' lang='lat' dir='ltr'>post</span> <span class='ocrx_word' id='word_1_245' title='bbox 1753 3585 1839 3650; x_wconf 92' lang='lat' dir='ltr'>ordi-</span> 
     </span>
     <span class='ocr_line' id='line_1_28' title="bbox 490 3705 1838 3793; baseline -0.001 -23"><span class='ocrx_word' id='word_1_246' title='bbox 490 3705 662 3770; x_wconf 91' lang='lat' dir='ltr'>nacionem</span> <span class='ocrx_word' id='word_1_247' title='bbox 684 3729 777 3772; x_wconf 87' lang='lat' dir='ltr'>suam</span> <span class='ocrx_word' id='word_1_248' title='bbox 796 3707 829 3770; x_wconf 91' lang='lat' dir='ltr'>in</span> <span class='ocrx_word' id='word_1_249' title='bbox 849 3730 980 3793; x_wconf 90' lang='lat' dir='ltr'>papam,</span> <span class='ocrx_word' id='word_1_250' title='bbox 997 3717 1142 3774; x_wconf 88' lang='lat' dir='ltr'>reservat</span> <span class='ocrx_word' id='word_1_251' title='bbox 1164 3709 1226 3772; x_wconf 90' lang='lat' dir='ltr'>sibi</span> <span class='ocrx_word' id='word_1_252' title='bbox 1249 3709 1312 3791; x_wconf 91' lang='lat' dir='ltr'>ipsi</span> <span class='ocrx_word' id='word_1_253' title='bbox 1334 3728 1450 3772; x_wconf 91' lang='lat' dir='ltr'>omnes</span> <span class='ocrx_word' id='word_1_254' title='bbox 1473 3708 1653 3790; x_wconf 87' lang='lat' dir='ltr'>dignitates</span> <span class='ocrx_word' id='word_1_255' title='bbox 1675 3705 1838 3782; x_wconf 53' lang='lat' dir='ltr'>electivae</span> 
     </span>
     <span class='ocr_line' id='line_1_29' title="bbox 489 3826 1838 3912; baseline -0.001 -23"><span class='ocrx_word' id='word_1_256' title='bbox 489 3826 536 3890; x_wconf 91' lang='lat' dir='ltr'>ita</span> <span class='ocrx_word' id='word_1_257' title='bbox 563 3829 653 3910; x_wconf 93' lang='lat' dir='ltr'>quod</span> <span class='ocrx_word' id='word_1_258' title='bbox 684 3828 805 3893; x_wconf 88' lang='lat' dir='ltr'>eleccio</span> <span class='ocrx_word' id='word_1_259' title='bbox 834 3829 924 3893; x_wconf 89' lang='lat' dir='ltr'>nulla</span> <span class='ocrx_word' id='word_1_260' title='bbox 955 3829 1043 3894; x_wconf 89' lang='lat' dir='ltr'>facta</span> <span class='ocrx_word' id='word_1_261' title='bbox 1072 3831 1106 3893; x_wconf 92' lang='lat' dir='ltr'>in</span> <span class='ocrx_word' id='word_1_262' title='bbox 1134 3829 1247 3912; x_wconf 89' lang='lat' dir='ltr'>aliqua</span> <span class='ocrx_word' id='word_1_263' title='bbox 1277 3829 1413 3894; x_wconf 89' lang='lat' dir='ltr'>ecclesia</span> <span class='ocrx_word' id='word_1_264' title='bbox 1442 3827 1622 3892; x_wconf 88' lang='lat' dir='ltr'>cathedrali</span> <span class='ocrx_word' id='word_1_265' title='bbox 1651 3826 1749 3902; x_wconf 90' lang='lat' dir='ltr'>valet,</span> <span class='ocrx_word' id='word_1_266' title='bbox 1779 3827 1838 3889; x_wconf 89' lang='lat' dir='ltr'>sed</span> 
     </span>
     <span class='ocr_line' id='line_1_30' title="bbox 488 3947 1840 4034; baseline -0.002 -22"><span class='ocrx_word' id='word_1_267' title='bbox 488 3948 579 4012; x_wconf 90' lang='lat' dir='ltr'>solus</span> <span class='ocrx_word' id='word_1_268' title='bbox 608 3949 679 4034; x_wconf 90' lang='lat' dir='ltr'>ipse</span> <span class='ocrx_word' id='word_1_269' title='bbox 715 3949 857 4014; x_wconf 90' lang='lat' dir='ltr'>habetur</span> <span class='ocrx_word' id='word_1_270' title='bbox 892 3971 952 4033; x_wconf 93' lang='lat' dir='ltr'>pro</span> <span class='ocrx_word' id='word_1_271' title='bbox 990 3951 1096 4016; x_wconf 89' lang='lat' dir='ltr'>electo</span> <span class='ocrx_word' id='word_1_272' title='bbox 1126 3951 1159 4014; x_wconf 92' lang='lat' dir='ltr'>in</span> <span class='ocrx_word' id='word_1_273' title='bbox 1189 3952 1390 4034; x_wconf 88' lang='lat' dir='ltr'>episcopum,</span> <span class='ocrx_word' id='word_1_274' title='bbox 1420 3971 1520 4033; x_wconf 91' lang='lat' dir='ltr'>quem</span> <span class='ocrx_word' id='word_1_275' title='bbox 1549 3969 1637 4032; x_wconf 89' lang='lat' dir='ltr'>papa</span> <span class='ocrx_word' id='word_1_276' title='bbox 1667 3947 1840 4011; x_wconf 89' lang='lat' dir='ltr'>Romanus</span> 
     </span>
     <span class='ocr_line' id='line_1_31' title="bbox 489 4067 1840 4154; baseline 0.003 -24"><span class='ocrx_word' id='word_1_277' title='bbox 489 4068 641 4154; x_wconf 87' lang='lat' dir='ltr'>providet</span> <span class='ocrx_word' id='word_1_278' title='bbox 666 4068 762 4134; x_wconf 90' lang='lat' dir='ltr'>alicui</span> <span class='ocrx_word' id='word_1_279' title='bbox 790 4070 936 4135; x_wconf 87' lang='lat' dir='ltr'>ecclesiae</span> <span class='ocrx_word' id='word_1_280' title='bbox 961 4071 995 4135; x_wconf 94' lang='lat' dir='ltr'>in</span> <span class='ocrx_word' id='word_1_281' title='bbox 1018 4092 1143 4154; x_wconf 86' lang='lat' dir='ltr'>regno;</span> <span class='ocrx_word' id='word_1_282' title='bbox 1170 4071 1217 4136; x_wconf 92' lang='lat' dir='ltr'>sic</span> <span class='ocrx_word' id='word_1_283' title='bbox 1242 4081 1315 4136; x_wconf 92' lang='lat' dir='ltr'>tum</span> <span class='ocrx_word' id='word_1_284' title='bbox 1338 4071 1428 4154; x_wconf 91' lang='lat' dir='ltr'>quod</span> <span class='ocrx_word' id='word_1_285' title='bbox 1455 4091 1515 4134; x_wconf 89' lang='lat' dir='ltr'>rex</span> <span class='ocrx_word' id='word_1_286' title='bbox 1538 4070 1629 4152; x_wconf 85' lang='lat' dir='ltr'>regni</span> <span class='ocrx_word' id='word_1_287' title='bbox 1652 4067 1840 4134; x_wconf 88' lang='lat' dir='ltr'>consenciat</span> 
     </span>
     <span class='ocr_line' id='line_1_32' title="bbox 489 4186 1838 4278; baseline 0 -26"><span class='ocrx_word' id='word_1_288' title='bbox 489 4186 549 4252; x_wconf 89' lang='lat' dir='ltr'>tali</span> <span class='ocrx_word' id='word_1_289' title='bbox 574 4189 752 4274; x_wconf 87' lang='lat' dir='ltr'>provisioni</span> <span class='ocrx_word' id='word_1_290' title='bbox 778 4189 875 4258; x_wconf 79' lang='lat' dir='ltr'>iactae</span> <span class='ocrx_word' id='word_1_291' title='bbox 901 4213 960 4276; x_wconf 91' lang='lat' dir='ltr'>per</span> <span class='ocrx_word' id='word_1_292' title='bbox 983 4213 1107 4278; x_wconf 90' lang='lat' dir='ltr'>papam</span> <span class='ocrx_word' id='word_1_293' title='bbox 1133 4193 1332 4273; x_wconf 87' lang='lat' dir='ltr'>Romanum,</span> <span class='ocrx_word' id='word_1_294' title='bbox 1357 4193 1438 4276; x_wconf 87' lang='lat' dir='ltr'>quia</span> <span class='ocrx_word' id='word_1_295' title='bbox 1463 4191 1525 4255; x_wconf 90' lang='lat' dir='ltr'>nisi</span> <span class='ocrx_word' id='word_1_296' title='bbox 1552 4212 1613 4256; x_wconf 88' lang='lat' dir='ltr'>rex</span> <span class='ocrx_word' id='word_1_297' title='bbox 1643 4190 1734 4273; x_wconf 85' lang='lat' dir='ltr'>regni</span> <span class='ocrx_word' id='word_1_298' title='bbox 1760 4207 1838 4254; x_wconf 89' lang='lat' dir='ltr'>con·</span> 
     </span>
    </p>
   </div>
   <div class='ocr_carea' id='block_1_3' title="bbox 0 0 2166 4936">
    <p class='ocr_par' dir='ltr' id='par_1_5' title="bbox 0 0 2166 4936">
     <span class='ocr_line' id='line_1_33' title="bbox 0 0 2166 4936; baseline 0 0"><span class='ocrx_word' id='word_1_299' title='bbox 0 0 2166 4936; x_wconf 95' lang='lat' dir='ltr'> </span> 
     </span>
    </p>
   </div>
  </div>
 </body>
</html>
