4378 4936
492 385 553 451 130
865 376 965 433 LOCI
990 378 1020 431 E
1047 377 1173 434 LlBRO
1208 377 1468 434 VERITATUM.

489 611 645 656 concessa
663 613 738 675 quae
758 592 938 658 multorum
955 593 1117 656 malorum
1135 603 1212 658 sunt
1228 593 1314 657 inter
1327 614 1384 657 eos
1400 593 1566 656 causativa
1585 611 1644 673 per
1664 589 1850 673 eorundem

490 712 639 778 abusum.

576 843 609 911 [p.
635 842 685 907 rr]
736 835 791 900 Sic
822 857 926 918 nuper
955 857 1039 900 unus
1068 836 1173 900 abbas
1203 837 1345 901 obtinuit
1378 859 1398 901 a
1429 857 1516 919 papa
1546 835 1641 918 plura
1674 833 1843 916 privilegia

488 965 603 1021 contra
636 977 732 1021 suum
763 959 955 1042 episcopum
986 959 1020 1022 in
1051 969 1257 1041 perpetuum,
1287 968 1321 1022 et
1352 958 1449 1023 solvit
1485 957 1619 1022 cuilibet
1653 975 1751 1038 papae
1785 974 1843 1018 an·

488 1080 616 1142 unatim
641 1101 692 1142 xx
716 1100 853 1160 marcas,
880 1088 913 1144 et
937 1102 988 1143 xx
1013 1079 1069 1144 lib.
1098 1082 1271 1144 annuatim
1299 1081 1378 1162 regi,
1404 1100 1445 1143 ne
1471 1100 1531 1143 rex
1561 1078 1682 1142 habeat
1712 1086 1841 1157 tempo·

488 1199 573 1263 rales
605 1201 753 1265 redditus
780 1201 949 1266 abbathiae
978 1210 1054 1284 post
1084 1211 1225 1266 mortem
1256 1201 1394 1284 alicujus
1423 1201 1555 1266 abbatis
1586 1200 1673 1263 illius
1703 1197 1778 1273 loci,
1808 1207 1842 1261 et

486 1318 542 1383 ille
572 1319 661 1384 idem
691 1322 796 1386 abbas
829 1321 1055 1405 appropriavit
1090 1342 1190 1385 unam
1221 1342 1377 1404 magnam
1413 1321 1585 1387 ecclesiam
1617 1317 1841 1402 parochialem

484 1459 554 1503 suae
590 1440 765 1517 abbathiae,
796 1463 841 1506 ex
875 1441 968 1523 cujus
1005 1441 1152 1506 ecclesiae
1182 1441 1278 1507 bonis
1314 1442 1412 1508 solvit
1450 1443 1644 1526 praedictam
1674 1457 1840 1502 summam

486 1562 667 1641 annuatim,
696 1582 794 1645 papae
824 1569 859 1626 et
888 1562 966 1646 regi,
996 1583 1048 1625 xx
1078 1582 1271 1637 marcarum,
1296 1573 1330 1628 et
1359 1584 1410 1626 xx
1437 1562 1604 1640 librarum,
1635 1572 1669 1626 et
1699 1579 1784 1636 cura,
1809 1567 1843 1620 et

486 1680 611 1744 bonum
639 1683 785 1764 regimen
812 1681 899 1745 illius
925 1681 1073 1747 ecclesiae
1102 1681 1300 1766 parochialis
1330 1704 1389 1766 per
1418 1683 1510 1747 illam
1540 1681 1842 1766 appropriationem

486 1803 674 1882 destruitur,
704 1814 738 1869 et
768 1803 824 1868 illa
854 1803 1014 1868 abbathia
1044 1804 1134 1868 milia
1164 1812 1276 1886 potest
1305 1805 1477 1869 annuatim
1504 1804 1703 1887 expendere,
1733 1810 1767 1866 et
1797 1799 1842 1862 ibi

486 1922 600 1987 vivunt
624 1934 660 1988 ut
683 1924 809 1988 domini
832 1923 990 1989 deliciosi.

575 2044 671 2119 Item,
699 2065 803 2128 nuper
830 2067 914 2109 unus
939 2045 1127 2109 mundanus
1157 2046 1311 2109 sacerdos
1342 2046 1485 2128 optinuit
1515 2046 1685 2110 licenciam
1711 2063 1732 2106 a
1755 2059 1843 2124 papa

485 2282 619 2368 Anglia,
638 2307 698 2368 per
719 2287 939 2370 provisionem
959 2307 1065 2368 papae,
1081 2285 1151 2350 sine
1174 2285 1338 2350 eleccione
1361 2297 1394 2352 et
1417 2288 1488 2381 sine
1510 2307 1672 2352 consensu
1693 2282 1842 2366 ejusdem

486 2407 631 2489 capituli,
657 2417 691 2471 et
720 2407 792 2471 sine
818 2427 980 2470 consensu
1008 2407 1153 2489 episcopi
1185 2405 1273 2470 illius
1303 2408 1458 2485 ecclesiae,
1483 2428 1548 2472 non
1575 2409 1731 2472 obstante
1760 2423 1844 2486 quo-

485 2547 628 2610 cumque
649 2527 723 2608 jure
747 2529 780 2590 in
803 2527 1003 2591 contrarium
1027 2547 1086 2591 seu
1112 2526 1284 2610 privilegio
1310 2530 1400 2612 prius
1425 2549 1581 2594 concesso
1604 2527 1650 2592 illi
1673 2525 1842 2600 ecclesiae3

486 2657 521 2712 et
550 2648 690 2712 ecelesia
719 2647 776 2710 illa
807 2647 1005 2711 cathedralis
1034 2649 1065 2710 vi
1097 2657 1130 2710 et
1160 2649 1259 2711 armis
1290 2649 1319 2712 ei
1350 2651 1548 2728 restiterunt,
1579 2651 1626 2714 ita
1655 2648 1745 2731 quod
1776 2663 1843 2709 non

486 2767 632 2834 intrabat
662 2769 695 2832 in
726 2766 899 2832 ecclesiam
930 2767 1031 2846 illam,
1054 2777 1087 2832 et
1119 2778 1156 2833 ut
1185 2769 1270 2832 alius
1301 2769 1425 2834 electus
1455 2791 1514 2854 per
1543 2769 1724 2854 capitulum
1755 2776 1842 2831 esset

486 2891 631 2952 decanus
661 2889 694 2952 in
726 2889 844 2953 eadem
874 2889 1019 2966 ecclesia,
1050 2909 1134 2952 unus
1165 2910 1225 2952 rex
1254 2891 1395 2956 contulit
1425 2892 1651 2974 episcopatum
1681 2889 1841 2973 praedicto

484 3010 563 3088 viro,
585 3010 716 3092 proviso
738 3029 797 3093 per
818 3029 941 3092 papam
965 3009 1154 3091 Eugenium
1177 3009 1211 3073 in
1230 3010 1393 3075 decanatu
1418 3013 1599 3095 praedicto;
1627 3021 1661 3076 et
1685 3011 1731 3075 sic
1754 3029 1842 3091 papa

485 3130 629 3194 absolvit
651 3151 767 3194 omnes
790 3131 979 3194 resistentes
1002 3129 1037 3192 in
1060 3131 1207 3205 materia,
1224 3131 1279 3214 qui
1303 3131 1524 3215 impedierant
1545 3153 1621 3197 eum
1642 3154 1662 3197 a
1682 3130 1842 3214 praedicto

485 3253 659 3328 decanatu,
680 3273 764 3334 quos
794 3272 882 3334 papa
904 3261 1004 3316 antea
1035 3253 1403 3332 excommunicaverat3
1434 3264 1468 3318 et
1491 3256 1580 3318 idem
1603 3254 1754 3338 provisus
1781 3271 1842 3315 ex·

484 3372 601 3454 pendit
625 3372 657 3435 in
685 3373 748 3436 ista
772 3373 911 3436 materia
936 3372 1105 3455 praedictae
1130 3373 1326 3454 provisionis
1350 3375 1382 3438 in
1406 3375 1605 3439 decanatum
1628 3374 1715 3438 illius
1738 3371 1841 3437 eccle-

485 3493 542 3556 siae
567 3493 656 3556 mille
679 3513 806 3556 marcas
830 3502 863 3557 et
886 3493 1155 3574 quadringentas,
1179 3502 1213 3556 et
1236 3494 1377 3576 ipsemet
1404 3496 1500 3572 dixit,
1525 3517 1578 3560 me
1601 3497 1725 3561 sciente
1752 3495 1841 3578 quod

485 3615 532 3677 sic
555 3614 642 3678 dixit
665 3614 707 3677 de
730 3615 848 3696 seipso,
874 3623 908 3677 et
930 3613 992 3677 luit
1015 3615 1064 3677 vir
1087 3616 1145 3678 vix
1172 3615 1425 3696 grammaticam
1452 3638 1509 3680 seu
1537 3617 1698 3682 vocabula
1721 3618 1842 3682 Latina

486 3733 682 3818 intelligens,
707 3744 740 3798 et
771 3733 832 3799 suit
861 3734 960 3797 valde
990 3734 1187 3810 mundanus,
1212 3743 1245 3798 et
1272 3737 1412 3800 carnalis
1444 3739 1477 3802 in
1509 3739 1674 3804 moribus:
1705 3748 1739 3804 et
1768 3747 1841 3804 tum

485 3853 588 3938 aliqui
608 3855 761 3919 doctores
782 3855 916 3918 nomine
935 3853 1094 3918 dixerunt
1115 3853 1184 3937 regi
1204 3855 1293 3936 quod
1315 3855 1376 3920 suit
1397 3878 1480 3940 opus
1500 3869 1652 3924 sanctum
1667 3867 1701 3923 et
1716 3859 1840 3923 bonum

485 3976 665 4040 concedere
695 3975 757 4040 sibi
793 3974 960 4040 licentiam
991 3974 1085 4058 regis,
1117 3983 1154 4039 ut
1187 3984 1275 4039 esset
1305 3977 1478 4062 episcopus
1509 3980 1542 4043 in
1567 3979 1699 4060 Wallia,
1729 3988 1763 4044 et
1795 3980 1841 4044 sic

486 4105 629 4160 cessaret
651 4095 691 4159 lis
714 4097 929 4179 interipsum
958 4104 991 4158 et
1014 4094 1116 4158 alium
1141 4096 1248 4160 virum
1270 4099 1326 4179 qui
1349 4098 1410 4171 fuit
1434 4100 1559 4164 electus
1582 4101 1615 4164 in
1641 4102 1841 4166 decanatum

485 4217 680 4302 praedictum
704 4217 853 4300 ejusdem
878 4217 1024 4282 ecclesiae
1046 4237 1105 4299 per
1127 4217 1320 4299 capitulum.
