4378 4936
496 405 556 464 144
868 392 967 446 LOCI
993 392 1022 444 E
1050 391 1174 444 LIBRO
1210 391 1468 446 VERITATUM.

493 617 530 670 ut
557 607 672 684 nullus,
701 629 760 672 nec
790 607 874 670 serio
905 627 964 670 nec
989 606 1073 688 joco,
1095 615 1229 670 vocaret
1252 607 1360 688 ipsum
1388 617 1565 688 augustum
1589 607 1779 685 dominum;
1811 617 1845 672 et

493 729 620 808 merito,
635 729 713 812 quia
733 749 830 792 verus
847 728 1013 790 Dominus
1033 727 1139 791 tocius
1161 728 1290 810 generis
1311 727 1447 791 humani
1466 728 1552 792 inter
1573 729 1723 792 homines
1747 738 1844 792 natus

491 849 562 928 luit,
589 849 721 928 scilicet,
747 849 891 932 expletis
914 849 956 912 ab
983 848 1122 912 exordio
1150 847 1264 910 mundi
1294 848 1440 930 quinque
1467 848 1599 912 milibus
1624 869 1784 913 annorum
1810 858 1845 913 et

492 980 626 1034 centum
654 972 835 1053 nonaginta
866 989 995 1033 novem.
1051 969 1146 1044 Item,
1170 967 1234 1032 illis
1264 968 1380 1032 diebus
1410 979 1501 1033 trans
1527 970 1675 1034 Tiberim
1708 972 1751 1034 de
1776 969 1843 1032 Ta-

492 1092 594 1155 berna
618 1091 787 1155 Meritoria
809 1111 868 1173 per
890 1101 998 1154 totum
1026 1090 1115 1153 diem
1138 1089 1264 1153 sontem
1289 1088 1353 1153 olei
1380 1099 1467 1154 terra
1493 1092 1705 1167 exeundavit,
1729 1099 1762 1154 et
1785 1111 1844 1174 per

491 1221 601 1276 totum
624 1212 712 1276 diem
736 1211 920 1293 largissimo
944 1212 1012 1273 rivo
1035 1209 1142 1288 fluxit,
1165 1210 1198 1272 in
1221 1211 1352 1292 signum
1375 1210 1435 1274 Xti
1459 1211 1632 1276 adventus.

578 1341 617 1408 [p.
637 1341 703 1406 ιη]
749 1339 920 1394 nativitas
941 1337 1079 1394 Domini
1099 1338 1209 1394 nostri
1230 1339 1313 1394 Jesu
1335 1337 1404 1395 xti.
1450 1333 1532 1395 Ideo
1554 1354 1614 1396 vos
1636 1353 1759 1409 omnes,
1783 1351 1842 1414 pro

492 1473 632 1535 quorum
658 1453 765 1517 salute
789 1452 878 1515 Xtus
901 1452 999 1530 venit,
1022 1460 1137 1515 cavete
1160 1461 1194 1514 et
1220 1451 1324 1534 sugite
1347 1452 1380 1514 in
1404 1451 1467 1515 hoc
1493 1473 1586 1517 sacro
1615 1453 1699 1517 sesto
1721 1452 1842 1516 viciosa

491 1583 526 1637 et
552 1574 669 1656 turpia,
693 1582 727 1637 et
754 1574 919 1656 praecipue
944 1581 1061 1636 cantus
1086 1572 1278 1636 inhonestos
1303 1581 1338 1636 et
1360 1582 1481 1655 turpes,
1506 1574 1561 1655 qui
1589 1574 1758 1637 libidinem
1783 1595 1843 1637 ex·

491 1695 594 1758 citant
621 1704 654 1758 et
678 1703 868 1777 provocant,
889 1703 922 1757 et
950 1693 1143 1756 memoriam
1167 1693 1319 1775 turpibus
1346 1693 1640 1775 imaginationibus
1665 1693 1840 1769 maculant,

491 1826 524 1879 et
552 1816 687 1890 laedunt,
709 1826 743 1880 et
768 1815 941 1898 ymagines
964 1814 1157 1896 imprimunt
1188 1814 1220 1876 in
1246 1823 1367 1890 mente,
1390 1835 1472 1896 quas
1498 1815 1666 1897 expellere
1691 1815 1841 1878 difficilli-

491 1957 582 2000 mum
609 1946 669 2000 est.
723 1937 810 2000 Novi
842 1953 914 2018 ego,
943 1935 1068 1999 scilicet
1099 1934 1305 2017 Gascoygne,
1337 1936 1454 2000 doctor
1483 1957 1586 2000 sacrae
1615 1937 1754 2019 paginae,
1784 1936 1841 2019 qui

490 2058 562 2121 haec
584 2057 708 2140 scripsi,
726 2077 828 2120 unum
854 2075 1012 2138 magnum
1039 2065 1072 2119 et
1095 2056 1276 2120 notabilem
1299 2057 1406 2120 virum
1429 2056 1530 2120 talem
1554 2069 1687 2121 cantum
1710 2067 1841 2139 turpem

490 2177 632 2242 infesto
659 2177 777 2241 natalis
803 2176 976 2254 audivisse,
999 2185 1032 2240 et
1062 2186 1188 2258 postea,
1214 2177 1297 2240 infra
1322 2177 1420 2240 breve
1450 2187 1592 2260 tempus,
1624 2177 1704 2242 illud
1735 2189 1839 2260 turpe,

490 2300 580 2381 quod
610 2299 643 2362 in
670 2308 768 2362 cantu
797 2298 932 2376 audivit,
958 2297 1019 2360 suit
1046 2299 1093 2362 ita
1119 2298 1152 2361 in
1179 2307 1291 2362 mente
1321 2319 1379 2361 sua
1410 2299 1615 2380 impressum,
1638 2299 1728 2381 quod
1758 2319 1840 2362 nun·

489 2441 592 2502 quam
616 2429 732 2502 postea
755 2420 863 2502 potuit
888 2418 1055 2500 expellere
1081 2439 1101 2480 a
1127 2430 1237 2482 mente
1260 2437 1329 2494 sua,
1352 2439 1411 2483 nec
1436 2420 1561 2502 species
1586 2419 1657 2484 illas
1683 2420 1838 2495 oblivisci,

490 2541 578 2604 unde
601 2541 634 2603 in
654 2549 783 2604 tantam
807 2539 922 2603 incidit
944 2540 1121 2617 tristitiam,
1145 2541 1234 2622 quod
1259 2561 1303 2602 ex
1326 2539 1382 2603 illa
1406 2540 1612 2604 moriebatur.

578 2670 616 2736 [p.
635 2669 701 2734 ι3ι.]
747 2668 903 2724 ornatus.
949 2661 1018 2724 Iste
1044 2661 1132 2722 enim
1163 2669 1298 2724 ornatus
1328 2660 1494 2742 preciosus
1524 2671 1557 2724 et
1587 2661 1778 2743 superfluus,
1806 2671 1840 2725 et

489 2790 596 2864 aptus,
625 2783 753 2844 nudans
784 2792 916 2864 pectora
947 2781 1100 2858 mulieris,
1134 2793 1167 2845 et
1198 2784 1376 2846 ostendens
1406 2782 1551 2845 colorem
1579 2783 1662 2861 suco,
1692 2785 1712 2846 i.
1729 2805 1755 2846 e.
1780 2805 1839 2846 un-

488 2911 622 2984 guento,
642 2902 723 2966 salse
743 2903 953 2984 adquisitam,
973 2913 1006 2966 et
1027 2913 1161 2966 omatus
1181 2904 1334 2979 virorum,
1356 2904 1426 2986 jam
1450 2925 1555 2986 nuper
1577 2906 1739 2981 inductus,
1758 2906 1839 2968 citra

488 3045 613 3088 annum
638 3041 729 3107 1429,
752 3024 847 3108 plura
872 3024 960 3087 mala
983 3025 1139 3099 causavit,
1161 3024 1195 3087 in
1218 3025 1446 3107 superbiendo,
1465 3037 1498 3089 et
1524 3026 1557 3088 in
1581 3026 1783 3105 fornicand0,
1805 3036 1839 3090 et

489 3145 521 3207 in
544 3144 771 3219 adulterando
790 3154 823 3209 et
846 3147 878 3208 in
904 3144 1074 3222 Sodomia,
1090 3154 1127 3208 ut
1151 3153 1266 3208 notum
1290 3154 1340 3208 est
1362 3145 1519 3228 pluribus.
1565 3147 1728 3211 Homines
1751 3147 1838 3210 enim

489 3265 650 3328 semorum
681 3265 821 3328 sormam
855 3267 1034 3329 ostendunt
1065 3275 1098 3329 et
1135 3265 1329 3348 genitalium
1365 3286 1424 3347 per
1456 3276 1642 3347 aperturam
1677 3277 1774 3349 togae,
1805 3279 1839 3331 et

488 3386 613 3450 braccis
639 3385 711 3468 jam
741 3407 806 3450 non
837 3396 982 3465 utuntur,
1013 3387 1071 3450 sed
1102 3387 1224 3469 caligis,
1255 3386 1288 3448 in
1318 3387 1437 3468 quibus
1467 3385 1573 3450 forma
1603 3389 1839 3471 magnitudinis

489 3507 711 3570 membrorum
731 3508 870 3590 turpiter
890 3508 1084 3572 ostenditur.
1123 3506 1215 3570 Talis
1235 3517 1373 3570 ornatus·
1391 3507 1501 3589 primo*
1521 3519 1632 3573 movet
1653 3510 1696 3574 ad
1718 3530 1838 3592 magna

488 3637 633 3711 peccata,
664 3637 698 3693 et
728 3629 865 3693 retrahit
895 3639 1031 3704 mentes,
1063 3629 1198 3711 quando
1228 3629 1270 3691 de
1298 3627 1372 3690 Deo
1402 3628 1595 3709 cogitarent,
1622 3630 1665 3693 ad
1695 3631 1839 3712 pessima

488 3747 652 3810 desideria
675 3755 708 3811 et
731 3748 774 3810 ad
797 3755 890 3810 actus
914 3747 1029 3810 malos.

577 3863 672 3939 Item,
697 3865 739 3927 ad
770 3863 877 3946 turpia
902 3863 1011 3936 verba,
1040 3883 1114 3945 quae
1141 3871 1218 3926 sunt
1244 3863 1478 3945 dampnabilia,
1506 3874 1539 3928 et
1569 3864 1613 3928 ad
1640 3872 1748 3927 tactus
1778 3863 1839 3926 im·

488 4117 568 4171 vant
589 4127 610 4170 a
632 4127 691 4170 sua
718 4105 878 4169 libertate.

576 4227 671 4304 Item,
703 4247 865 4310 expensas
902 4245 1038 4308 magnas
1073 4236 1218 4304 causant,
1248 4235 1281 4290 et
1315 4227 1361 4290 sic
1397 4235 1640 4309 consequenter
1671 4225 1840 4290 retrahunt
1902 4315 1907 4328 ὑ
