4322 4936
707 409 806 463 LOCI
831 409 862 461 E
890 407 1015 462 LIBRO
1050 407 1309 464 VERITATUM.
1627 411 1687 482 179

420 629 456 698 [p.
475 631 544 700 397]
573 631 777 689 Proedioare.
809 625 884 708 Ego
907 625 1005 700 enim,
1022 623 1171 688 Thomas
1195 623 1389 707 Gascoigne,
1411 631 1548 688 vocatus
1570 623 1688 688 doctor

332 738 534 828 Theologiae,
562 756 596 811 et
627 745 849 810 Cancellarius
881 745 990 810 Studii
1018 745 1252 812 Universitatis
1283 745 1436 826 Oxoniae,
1467 744 1688 810 Eboracensis

331 864 479 945 diocesis,
502 867 664 932 submitto
694 889 756 947 me,
782 877 815 934 et
843 868 1005 950 meipsum
1033 867 1136 931 offero
1167 867 1399 932 misericordiae
1427 867 1500 946 Dei,
1528 888 1568 932 eo
1594 866 1685 950 quod

332 1002 398 1047 non
414 988 590 1067 praedicavi
614 989 745 1071 publice
767 989 931 1073 quociens,
947 997 984 1051 ut
1006 989 1114 1062 credo,
1132 988 1178 1052 sic
1201 989 1444 1072 praedicassem.
1478 986 1581 1051 Anno
1597 986 1685 1052 enim

332 1104 468 1169 Domini
494 1109 573 1190 Jesu
600 1110 757 1174 incarnati
782 1117 852 1172 m¹¹¹⁰
874 1116 986 1174 ccccmo
1008 1109 1128 1191 xxvij0,
1153 1109 1198 1173 lui
1223 1111 1394 1174 ordinatus
1421 1110 1453 1172 in
1478 1109 1685 1172 sacerdotem

332 1226 365 1286 in
390 1227 527 1293 ecclesia
552 1231 754 1312 praebendali
781 1229 920 1308 Tharne,
946 1229 1187 1294 Lincolniensis
1214 1230 1361 1309 diocesis,
1385 1229 1582 1294 auctoritate
1607 1229 1685 1294 doc-

331 1348 411 1411 toris
441 1348 636 1434 Theologiae
663 1353 811 1434 magistri
840 1352 973 1416 Ricardi
1001 1351 1211 1434 Flemmyng,
1239 1360 1319 1416 tunc
1346 1351 1492 1434 episcopi
1520 1349 1687 1414 Lincolnl·

332 1469 427 1545 ensis,
458 1471 527 1534 nati
563 1472 597 1534 in
626 1472 748 1536 diocesi
779 1472 951 1552 Eborum3
983 1483 1016 1538 et
1046 1474 1089 1537 ab
1120 1473 1178 1536 illo
1207 1493 1296 1536 anno
1324 1471 1460 1536 Domini
1488 1477 1690 1536 m¹¹²⁰ccccm⁰

331 1589 442 1673 xxvij⁰
471 1592 578 1670 cred0,
602 1594 691 1677 quod
723 1614 786 1676 ego
817 1594 915 1658 miser
938 1592 1087 1658 Thomas
1114 1592 1301 1678 Gascoigne
1330 1591 1506 1676 praedicavi
1537 1592 1687 1676 quolibet

331 1731 419 1774 anno
445 1711 478 1774 in
505 1713 642 1776 diversis
668 1714 748 1778 locis
771 1723 848 1796 post
874 1734 998 1778 annum
1020 1714 1218 1798 praedictum
1242 1734 1347 1797 usque
1369 1714 1413 1777 ad
1439 1733 1562 1777 annum
1586 1714 1686 1778 istum

331 1831 364 1894 in
395 1853 462 1914 quo
491 1831 563 1897 haec
593 1835 716 1917 scripsi,
746 1836 766 1898 i.
783 1856 810 1898 e.
834 1835 983 1917 quolibet
1013 1856 1101 1900 anno
1131 1835 1175 1900 ab
1197 1855 1285 1898 anno
1310 1834 1369 1898 Xti
1393 1833 1553 1898 incarnati
1576 1833 1688 1918 xxvij⁰

331 1972 435 2034 usque
470 1954 513 2017 ad
551 1974 675 2018 annum
706 1955 766 2018 Xti
797 1965 853 2018 m¹¹¹
884 1966 980 2020 cccc¹¹¹
1013 1956 1325 2039 quinquagesimum
1356 1952 1420 2038 vjffi,
1451 1953 1483 2048 in
1514 1975 1581 2038 quo
1615 1953 1688 2020 haec

330 2073 454 2156 scripsi.
500 2073 568 2138 Sed
592 2075 752 2154 miserere,
776 2076 938 2154 miserere,
963 2075 1117 2140 miserere
1140 2075 1214 2154 mei,
1232 2073 1380 2158 piissime
1402 2073 1500 2156 Jesu!
1525 2073 1602 2157 quia
1626 2095 1687 2140 nec

329 2194 506 2277 praedicavi
525 2196 652 2260 tociens
673 2205 710 2260 ut
732 2197 840 2271 debui,
857 2217 916 2261 nec
940 2197 972 2259 in
991 2205 1043 2261 tot
1066 2196 1146 2261 locis
1167 2195 1287 2279 quibus
1310 2194 1418 2272 debui,
1439 2213 1499 2259 nec
1518 2203 1555 2260 ut
1575 2194 1687 2258 debui.

332 2313 362 2378 O
387 2315 489 2395 Deus,
513 2316 724 2402 omnipotens
753 2300 788 2382 et
817 2318 1003 2382 misericor!
1038 2327 1074 2382 tu
1106 2317 1169 2382 scis
1200 2335 1316 2381 causas
1347 2335 1449 2391 meas,
1474 2335 1536 2397 pro
1566 2314 1687 2398 quibus

331 2433 364 2497 in
395 2435 466 2500 istis
499 2436 604 2518 xxviij
633 2439 727 2501 annis
764 2439 942 2520 praedicavi
971 2437 1074 2502 verba
1103 2445 1170 2515 tua,
1199 2437 1227 2500 si
1257 2457 1323 2500 non
1354 2435 1480 2500 tociens
1510 2443 1547 2500 ut
1576 2435 1687 2512 debui,

329 2556 414 2620 sicut
436 2577 499 2639 ego
522 2559 632 2622 credo.
678 2559 823 2623 Domine
845 2560 943 2641 Jesut
977 2557 1218 2622 misereremei
1242 2556 1351 2622 miseri
1373 2555 1432 2621 tui.

417 2686 455 2754 [μ
477 2687 548 2754 409]
592 2687 810 2746 Proediostor.
855 2679 1010 2744 Modemi
1041 2679 1139 2756 enim,
1170 2678 1293 2743 inimici
1323 2676 1482 2756 veritatis,
1511 2675 1686 2742 audientes

329 2819 516 2863 sermonem
537 2800 686 2864 veritatis
709 2802 841 2866 dicunt:
870 2801 958 2864 ‘Iste
980 2819 1089 2864 sermo
1113 2820 1178 2863 non
1197 2799 1300 2864 habet
1318 2797 1468 2876 sormam,
1486 2807 1537 2862 set
1557 2796 1687 2862 locutus

330 2929 390 2998 est,
420 2929 454 2984 et
484 2919 621 2984 nescivit
650 2943 726 3004 quae
756 2920 852 2997 dixit,
879 2941 940 2984 nec
971 2919 1137 2984 intellexit
1167 2939 1242 3002 quae
1272 2917 1368 2996 dixit,
1399 2937 1459 2982 nec
1489 2917 1591 2982 habet
1621 2916 1686 2981 ior·

330 3050 458 3104 matum
482 3040 651 3122 ingenium
663 3042 683 3117 ;'
714 3042 792 3124 quia
816 3040 1009 3125 praedicavit
1034 3061 1074 3104 ea
1097 3060 1173 3123 quae
1198 3048 1276 3104 sunt
1302 3046 1418 3103 contra
1443 3057 1556 3102 eorum
1583 3057 1686 3120 appe·

329 3161 430 3225 titum
447 3171 480 3226 et
495 3172 610 3228 contra
623 3181 735 3227 eorum
751 3183 879 3240 mores;
901 3161 1008 3225 forma
1023 3161 1110 3225 enim
1127 3159 1239 3224 debita
1259 3161 1292 3224 in
1308 3179 1459 3224 sermone
1475 3167 1534 3234 est,
1551 3158 1685 3241 quando

328 3303 379 3346 res
397 3282 584 3349 declaratur
599 3294 633 3349 et
651 3283 888 3362 manifestatur,
904 3291 938 3346 et
958 3283 1040 3346 ordo
1061 3281 1192 3346 dicendi
1211 3280 1359 3362 sequitur
1380 3277 1531 3343 ordinem
1554 3277 1684 3344 essendi

328 3403 363 3466 in
390 3405 495 3468 rebus.
541 3403 691 3470 Christus
715 3405 812 3482 enim,
838 3404 871 3467 in
899 3402 1070 3486 evangelio
1097 3423 1157 3466 suo
1183 3421 1243 3485 per
1269 3421 1344 3465 eum
1369 3399 1558 3482 praedicato,
1581 3395 1684 3463 talem

329 3525 480 3589 ordinem
505 3527 647 3592 servavit
674 3526 707 3590 in
734 3525 884 3601 dicendo,
908 3525 997 3606 quod
1022 3523 1065 3586 de
1087 3522 1233 3586 materiis
1256 3518 1469 3584 dissimilibus
1492 3527 1526 3584 et
1547 3519 1685 3584 diversis

329 3653 364 3708 et
394 3646 580 3728 disparibus
612 3647 695 3711 infra
727 3647 826 3734 breve
855 3647 1003 3728 spacium
1033 3645 1193 3726 temporis
1224 3641 1430 3725 loquebatur,
1460 3648 1497 3704 ut
1527 3648 1620 3723 patet
1650 3639 1684 3704 in

329 3765 466 3829 diversis
488 3751 568 3830 locis
590 3753 762 3850 evangelli.
807 3739 930 3830 Forma
952 3766 1040 3830 enim
1064 3765 1190 3828 curiosa
1211 3762 1341 3826 dicendi
1365 3759 1506 3844 impedit
1526 3759 1683 3825 noticiam

329 3885 479 3950 materiae
501 3889 749 3969 cognoscenda,
764 3895 798 3951 et
819 3907 885 3950 non
906 3885 1096 3950 manifestat
1113 3883 1298 3960 veritatem,
1315 3881 1400 3946 sicut
1421 3878 1685 3944 manifestaretur

329 4005 364 4069 in
393 4006 500 4088 planis
530 4009 637 4071 verbis
666 4008 771 4083 bonis,
803 4018 837 4071 et
868 4006 976 4070 modis
1003 4005 1134 4071 dicendi
1164 4005 1300 4088 quando
1328 4021 1442 4066 verum
1473 4000 1618 4077 docetur,
1649 4008 1684 4064 et

331 4127 538 4212 ‘intelligunt
567 4126 759 4204 audientes‚'
777 4127 896 4211 ,inquit
926 4125 1147 4209 Augustinus
1179 4125 1232 4188 De
1266 4121 1415 4188 doctrina
1446 4119 1592 4200 Xtiana;
1626 4119 1683 4202 qui

329 4247 417 4310 enim
447 4249 643 4331 expressiori
672 4251 770 4314 modo
793 4258 826 4314 et
849 4247 986 4332 planiori
1010 4246 1086 4311 stilo
1114 4267 1180 4312 non
1208 4245 1387 4328 loquuntur
1409 4240 1541 4326 populo,
1566 4239 1684 4306 ‘nichil

960 4365 983 4412 n
1000 4372 1019 4414 a
1038 4367 1054 4414 2
