4322 4936
787 392 1055 447 DECOLLAYIO
1078 391 1246 447 SCROPE.
1629 397 1690 459 227

336 609 491 673 dominus
511 609 660 672 Thomas
685 607 928 692 Cumyrwurth,
951 607 1046 672 miles
1069 607 1309 673 Lincolniensis
1335 608 1483 687 diocesia,
1508 627 1568 690 per
1590 607 1694 670 verba

336 731 574 814 archiepiscopi
599 731 733 794 reduxit
759 731 792 792 in
815 729 865 792 sui
891 729 993 812 ipsius
1017 730 1211 794 memoriam
1238 729 1441 812 pacienciam
1463 739 1497 793 et
1519 728 1692 792 caritatem

337 851 601 935 prothomartiris
629 851 802 934 Stephani,
825 851 957 913 veniam
985 871 1045 932 pro
1071 851 1139 915 suis
1165 851 1305 917 inimicis
1328 872 1349 914 a
1372 851 1447 914 Deo
1471 847 1691 932 postulantis;

338 981 372 1036 et
395 993 485 1048 mox,
511 973 629 1037 eadem
653 973 708 1035 die
732 981 809 1054 post
837 971 1017 1044 meridiem,
1046 973 1166 1036 ductus
1190 981 1241 1035 est
1266 992 1365 1054 super
1387 989 1510 1053 equum
1532 969 1576 1033 ad
1597 989 1692 1033 suam

338 1093 605 1171 decollacionem,
635 1093 701 1175 qui,
734 1093 868 1175 quando
901 1112 1000 1174 super
1034 1113 1157 1175 equum
1191 1094 1250 1156 vix
1284 1093 1508 1175 quadraginta
1542 1089 1693 1154 denarios

337 1213 503 1277 valentem
529 1213 733 1291 ascenderet,
756 1213 853 1289 dixit,
876 1211 1033 1276 ‘Gracias
1059 1233 1123 1296 ago
1146 1214 1223 1277 Deo
1249 1213 1481 1296 omnipotenti,
1503 1210 1583 1293 quia
1609 1230 1693 1273 nun·

336 1354 438 1416 quam
465 1334 589 1417 placuit
620 1333 719 1398 michi
746 1353 851 1415 equus
880 1334 965 1397 sicut
987 1333 1050 1398 iste
1079 1330 1221 1416 placet3'
1252 1343 1287 1397 et
1314 1333 1493 1407 Psalmum,
1518 1330 1692 1406 ‘Domine,

337 1455 460 1518 exaudi
483 1454 685 1530 secundum‚'
700 1455 815 1532 oravit,
829 1455 876 1518 sic
897 1453 1079 1536 equitando
1101 1475 1177 1518 cum
1193 1455 1336 1536 capistro
1357 1463 1391 1518 et
1411 1453 1557 1518 chimera
1571 1448 1693 1536 (veste)

337 1574 440 1639 blodii
467 1576 584 1640 coloris
608 1576 745 1639 manicis
768 1575 888 1639 tunicae
911 1595 980 1638 sure
1004 1575 1153 1657 ejusdem
1176 1575 1294 1640 coloris
1316 1574 1547 1646 existentibus,
1565 1583 1693 1636 vestem

337 1704 450 1758 tamen
474 1695 606 1776 lineam,
632 1717 699 1779 qua
726 1705 865 1760 utuntur
889 1695 1036 1778 episcopi
1060 1697 1133 1759 vice
1159 1696 1270 1779 ephot,
1297 1716 1363 1760 non
1390 1694 1544 1759 sinebant
1569 1690 1693 1757 archie-

336 1817 509 1899 piscopum
532 1817 597 1895 uti;
621 1827 654 1880 et
675 1817 720 1880 sic
743 1837 820 1880 cum
843 1815 981 1898 capucio
999 1815 1168 1898 jacinctivi
1190 1816 1260 1880 sive
1281 1815 1385 1880 blodii
1408 1814 1525 1879 coloris
1548 1813 1694 1895 undique

337 1939 422 2001 circa
443 1937 598 2002 humeros
620 1959 697 2001 suos
719 1938 896 2020 pendente,
913 1946 946 2000 et
969 1938 1015 2000 sic
1038 1938 1157 2002 ductus
1179 1947 1230 2001 est
1252 1938 1337 2001 sicut
1358 1937 1430 2000 ovis
1451 1936 1495 2000 ad
1513 1935 1692 2009 victimam,

336 2058 393 2140 qui
416 2079 482 2122 non
504 2059 633 2141 aperuit
655 2080 692 2122 os
715 2079 820 2138 suum,
836 2079 897 2123 nec
919 2059 962 2123 ad
982 2059 1171 2138 vindictam,
1186 2079 1247 2124 nec
1270 2059 1313 2122 ad
1337 2055 1694 2123 excommunicacionis

319 2181 550 2256 ¹sentenciam.
589 2179 665 2262 Qui,
690 2200 766 2243 cum
789 2181 832 2242 ad
855 2180 964 2244 locum
988 2179 1220 2244 decollacionis
1243 2181 1437 2263 perveniret,
1460 2177 1568 2244 dixit:
1592 2176 1694 2241 ‘Om-

337 2300 490 2381 nipotens
514 2301 628 2365 Deusl
666 2301 727 2364 tibi
758 2301 860 2364 offero
891 2301 1055 2384 meipsum
1079 2311 1113 2366 et
1135 2321 1252 2365 causas
1281 2322 1340 2384 pro
1366 2301 1485 2383 quibus
1515 2298 1632 2382 patior,
1659 2303 1693 2362 et

337 2422 468 2484 veniam
491 2442 512 2484 a
534 2429 569 2484 te
592 2431 671 2504 peto
694 2422 738 2485 de
764 2420 918 2484 omnibus
943 2421 1099 2503 peccatis,
1126 2431 1160 2484 et
1182 2421 1426 2504 indulgenciam
1449 2428 1529 2503 peto
1552 2420 1595 2483 de
1621 2437 1694 2481 om·

338 2542 433 2604 nibus
464 2544 585 2624 quibus
618 2564 678 2625 per
714 2543 927 2606 commissum
957 2543 1010 2606 vel
1040 2562 1099 2625 per
1131 2543 1257 2606 bonum
1286 2543 1446 2606 omissum
1476 2539 1630 2624 peccavi,’
1659 2547 1694 2604 et

337 2673 416 2726 tunc
439 2665 611 2745 capacium
635 2673 668 2728 et
695 2675 807 2728 tenam
831 2665 874 2727 ad
901 2673 1023 2727 terram
1048 2664 1224 2746 deposuit;
1255 2674 1289 2728 et
1311 2663 1453 2727 Thomae
1476 2662 1611 2740 Alman,
1633 2679 1694 2724 suo

337 2784 540 2862 decollatori,
563 2785 620 2866 qui
647 2785 708 2848 luit
735 2795 832 2848 natus
858 2785 892 2847 in
916 2784 1081 2867 Popiltun,
1106 2795 1140 2850 et
1164 2806 1224 2867 per
1250 2785 1437 2867 quindecim
1463 2803 1569 2848 annos
1595 2791 1693 2847 antea

339 2904 481 2968 Eboraci
507 2906 735 2982 incarceratus
762 2906 872 2969 dixit:
903 2905 996 2979 ‘Fili,
1026 2915 1165 2969 mortem
1191 2925 1301 2969 meam
1325 2905 1418 2969 Deus
1447 2905 1508 2968 tibi
1534 2905 1692 2978 remittat,

338 3035 372 3088 et
404 3046 466 3107 ego
497 3026 556 3088 tibi
588 3027 730 3104 remitto,
754 3047 873 3108 rogans
900 3035 934 3089 te
960 3027 1077 3089 intime
1104 3035 1141 3088 ut
1167 3027 1227 3090 des
1257 3025 1356 3090 michi
1386 3046 1462 3091 cum
1492 3024 1604 3107 gladio
1633 3034 1693 3088 tuo

337 3147 484 3229 quinque
510 3147 645 3210 vulnera
677 3149 709 3209 in
738 3147 834 3224 collo,
861 3169 936 3230 quae
968 3149 1104 3210 intendo
1133 3149 1295 3211 sustinere
1327 3168 1389 3230 pro
1418 3167 1532 3210 amore
1556 3146 1693 3209 Domini

338 3268 442 3330 nostri
464 3267 553 3348 Jesu,
571 3269 636 3350 qui,
653 3288 713 3350 pro
736 3269 832 3331 nobis
855 3268 1014 3331 obediens
1035 3289 1139 3350 usque
1161 3270 1204 3332 ad
1226 3278 1376 3346 mortem,
1390 3268 1537 3350 quinque
1558 3266 1694 3331 vulnera

339 3388 532 3471 principalia
554 3389 724 3470 pacienter
746 3389 903 3453 sustinuit
917 3388 934 3467 ;'
957 3398 991 3452 et
1013 3389 1060 3454 sic
1083 3389 1250 3453 osculatus
1271 3401 1321 3454 est
1344 3408 1420 3452 eum
1441 3387 1545 3452 tribus
1566 3387 1693 3452 vicibus

338 3519 372 3572 et
393 3509 509 3592 positis
531 3510 671 3590 genibus
694 3510 818 3587 orabat,
835 3511 967 3574 dicens:
991 3511 1050 3572 ‘In
1073 3531 1191 3575 manus
1213 3521 1297 3590 tuas,
1319 3511 1475 3585 Domine,
1494 3510 1693 3574 commendo

337 3629 489 3711 spiritum
514 3651 623 3693 meum
637 3626 655 3708 ;’
678 3629 801 3712 junctis
825 3630 978 3694 manibus
1004 3640 1039 3694 et
1065 3630 1203 3695 elevatis
1229 3632 1260 3694 in
1288 3631 1419 3710 coelum,
1443 3639 1477 3695 et
1500 3650 1591 3708 mox,
1617 3649 1693 3694 can-

337 3749 465 3814 cellatis
496 3751 648 3814 manibus
675 3772 775 3834 super
803 3761 920 3833 pectus
950 3771 1056 3828 suum,
1087 3753 1209 3816 collum
1236 3753 1389 3818 extendit
1416 3751 1693 3836 genuflectend03

337 3881 372 3934 et
401 3881 480 3934 tunc
511 3872 694 3935 decollator
723 3892 799 3936 cum
828 3873 940 3954 gladio
971 3894 1047 3936 eum
1077 3875 1251 3957 quinquies
1281 3874 1314 3938 in
1344 3873 1430 3939 collo
1459 3874 1629 3956 percussit,
1658 3873 1692 3936 in

337 4013 403 4055 una
429 3993 612 4074 eademque
638 3995 743 4057 carnis
769 3994 937 4068 divisione,
962 4015 1063 4077 quarn
1088 3996 1194 4079 primo
1218 3997 1285 4061 ictu
1310 3996 1440 4074 lecerat,
1464 4003 1499 4060 et
1520 3995 1554 4058 in
1576 3995 1693 4077 quinta

337 4113 544 4193 percussione
568 4113 689 4177 collum
712 4114 950 4197 archipraesulis
973 4136 1075 4198 super
1097 4125 1219 4180 terram
1243 4116 1364 4181 cecidit
1390 4125 1424 4180 et
1450 4135 1567 4198 corpus
1593 4133 1693 4198 super

336 4234 493 4297 dextrum
513 4234 599 4298 latus
618 4235 661 4298 ad
680 4245 801 4300 terram
820 4236 939 4300 cecidit
962 4236 994 4298 in
1016 4238 1116 4300 tercia
1139 4237 1294 4316 sellione3
1321 4239 1468 4320 quinque
1489 4237 1576 4302 enim
1598 4245 1691 4301 erant

969 4353 993 4402 c
1008 4360 1030 4421 g
1048 4357 1064 4403 2
