4378 4936
733 397 833 454 roc!
858 397 888 450 E
916 397 1041 453 trano
1076 396 1336 486 Vnnrrnrmu.
1653 401 1713 470 115

357 631 500 675 summae
513 611 613 676 levari
628 613 775 695 potuerit
788 612 842 677 vel
858 612 966 696 colligi
977 612 1000 678 t’
1039 613 1135 690 Item,
1147 613 1296 696 sequitur
1310 635 1354 676 ex
1370 610 1428 676 tali
1444 610 1715 694 appropriaciono

358 733 454 796 unius
475 732 613 800 ecclesia
634 754 733 798 causa
753 743 788 798 et
807 735 936 798 occasio
951 734 1187 818 appropriandi
1203 734 1303 804 aliam
1319 734 1492 799 ecclesiam
1509 734 1617 797 eidem
1632 732 1714 812 loco,

358 853 437 936 quia
458 854 573 919 statim
598 865 636 920 ut
658 877 724 919 una
750 855 888 920 ecclesia
911 857 958 920 eis
984 857 1199 939 appropriata
1222 856 1337 938 incipit
1359 856 1402 920 de
1424 875 1556 919 summa
1577 854 1717 936 antiqua

358 983 394 1038 et
412 976 546 1040 annuali
569 976 681 1052 minui,
702 997 784 1041 mox
804 977 956 1045 laborant
976 998 1036 1060 pro
1056 978 1124 1042 alia
1144 977 1282 1042 ecclesia
1301 976 1555 1060 approprianda,
1572 983 1716 1058 praeten-

360 1095 480 1160 dentes
503 1106 745 1180 paupertatem,
770 1107 805 1162 et
831 1097 878 1162 sic
906 1098 1053 1161 ‘abissus
1077 1097 1224 1162 abissum
1252 1097 1401 1176 invocat,’
1426 1107 1461 1162 et
1486 1095 1716 1178 appropriacio

359 1216 457 1287 unius
484 1216 629 1281 ecclesiae
655 1227 813 1301 provocat
839 1218 886 1282 sic
912 1218 955 1281 ad
983 1218 1083 1281 aliam
1106 1217 1279 1282 ecclesiam
1303 1216 1595 1301 appropriandam.
1641 1214 1716 1278 Erit

361 1337 596 1419 multiplicacio
625 1337 769 1421 plurium
799 1359 968 1402 servorum
992 1348 1026 1403 et
1052 1338 1237 1402 ociosorum
1266 1347 1300 1402 et
1325 1357 1522 1420 pomparum
1548 1346 1582 1401 et
1610 1335 1716 1399 fercu-

358 1456 467 1522 lorum
483 1467 517 1522 et
536 1459 701 1522 donorum
721 1459 851 1542 magnis
872 1469 906 1524 et
925 1459 1083 1522 divitibus
1104 1459 1138 1522 in
1160 1458 1296 1523 mundo.
1341 1459 1524 1522 Provocant
1545 1455 1716 1538 religiosos

360 1587 395 1655 et
410 1578 650 1643 ecclesiasticos
664 1588 767 1644 terras
782 1580 877 1644 terris
892 1589 926 1644 et
941 1555 1115 1648 ecclesiam
1132 1578 1278 1644 ecclesiae
1294 1577 1502 1662 conjungere,
1514 1585 1549 1642 et
1564 1577 1597 1641 in
1612 1575 1716 1640 detri-

359 1708 510 1768 mentum
533 1699 676 1782 plurium
698 1709 833 1764 actuum
857 1702 1019 1764 bonorum
1041 1699 1105 1763 sibi
1126 1699 1207 1782 ipsis
1229 1699 1392 1782 colligere,
1415 1707 1458 1774 et,
1479 1706 1566 1762 teste
1589 1696 1716 1762 Sancto

358 1818 539 1901 Jeronim0,
555 1819 639 1884 libro
654 1821 749 1904 xiiij⁰‚
769 1842 868 1904 super
882 1820 1095 1886 Ezechielem
1110 1819 1318 1904 prophetam,
1333 1819 1381 1884 ita
1400 1821 1522 1884 dantur
1539 1827 1636 1882 terrae
1656 1815 1715 1880 ali-

360 1939 441 2018 enis,
450 1940 529 2022 quia
539 1939 691 2006 homines
705 1963 772 2006 non
783 1941 909 2006 habent
921 1943 1000 2007 dare
1010 1942 1150 2025 propriis
1162 1941 1238 2004 filiis
1249 1950 1283 2005 et
1294 1939 1492 2014 domesticis,
1503 1939 1560 2022 qui
1571 1938 1715 2021 patriam

360 2060 576 2134 defenderent
591 2071 625 2126 et
639 2060 867 2146 hospitalitate
881 2072 916 2127 et
931 2065 1019 2127 bono
1038 2061 1175 2127 consilio
1197 2063 1370 2128 nutrirent.
1419 2061 1488 2124 Fur
1502 2068 1536 2123 et
1557 2058 1642 2123 latro
1663 2066 1716 2128 est

358 2181 416 2264 qui
438 2181 546 2252 aliena
568 2181 689 2264 injuste
710 2183 797 2266 rapit
816 2192 851 2247 et
870 2183 1000 2266 accipit.
1046 2183 1140 2258 Item,
1157 2182 1208 2246 sur
1230 2191 1281 2246 est
1297 2183 1372 2246 Deo
1392 2181 1449 2264 qui
1469 2190 1563 2245 actus
1583 2177 1716 2242 debitos

359 2301 430 2368 fieri
445 2302 590 2380 retrahit,
607 2303 756 2386 impedit,
772 2324 831 2368 seu
852 2325 918 2368 non
933 2304 1033 2382 facit3
1062 2305 1151 2367 Xtus
1168 2303 1305 2367 enimin
1322 2301 1505 2386 Evangelio
1520 2300 1610 2374 dicit,
1627 2298 1715 2360 ‘Fur

360 2443 427 2486 non
437 2423 537 2500 venit,
549 2423 611 2490 nisi
627 2433 663 2488 ut
678 2433 803 2489 mactet
819 2433 853 2489 et
868 2423 1005 2507 perdat,'
1019 2445 1064 2490 sc.
1074 2425 1164 2507 quod
1178 2434 1228 2488 est
1243 2445 1312 2492 suae
1323 2422 1487 2486 voluntati
1503 2419 1715 2485 contrarium.

358 2542 416 2608 Sic
436 2543 618 2627 episcopus,
636 2553 750 2624 rector,
766 2554 800 2610 et
818 2546 1001 2625 officiarius,
1017 2546 1050 2609 in
1065 2544 1189 2628 populo
1205 2544 1256 2608 sur
1276 2552 1327 2608 est
1341 2515 1376 2608 et
1393 2542 1562 2607 homicida
1580 2538 1716 2622 quando

358 2665 508 2748 impedit,
531 2665 583 2728 vel
607 2665 753 2742 retrahit,
776 2687 834 2730 seu
857 2688 923 2730 non
946 2666 1025 2731 sacit
1049 2687 1152 2749 opera
1178 2665 1292 2732 debita
1314 2673 1348 2728 et
1371 2663 1564 2740 necessaria,
1584 2671 1618 2726 et
1639 2679 1717 2742 quae

358 2795 491 2852 tenetur
513 2785 627 2864 lacere,
643 2786 721 2868 quia
739 2808 783 2850 ex
799 2787 929 2852 delectu
950 2787 1009 2856 tali
1024 2788 1144 2852 animae
1165 2796 1306 2870 pereunt
1325 2795 1359 2850 et
1377 2784 1536 2848 deficiunt
1551 2805 1572 2847 a
1585 2780 1716 2846 virtuti-

358 2909 421 2974 bus
439 2928 459 2970 a
475 2907 550 2970 Deo
564 2932 572 2984 ;
596 2908 685 2990 quod
701 2918 795 2991 patet
810 2930 855 2972 ex
869 2910 978 2972 verbis
995 2908 1140 2987 Domini,
1158 2907 1343 2973 Ezechielis
1358 2907 1416 2990 iij0,
1433 2905 1490 2970 ‘Si
1506 2925 1572 2968 non
1587 2922 1716 2968 annun-

358 3027 506 3104 ciaveris,
533 3047 578 3091 sc.
604 3028 719 3092 debita
745 3030 946 3106 annunciari,
971 3029 1106 3104 homini,
1138 3029 1333 3113 sanguinem
1360 3027 1431 3110 ejus
1455 3027 1499 3090 de
1528 3045 1628 3090 manu
1655 3031 1718 3098 tua

358 3145 544 3232 requiram,'
560 3147 579 3210 i.
591 3169 619 3212 e.
635 3147 706 3230 ejus
722 3159 829 3213 morte
844 3150 1005 3232 spirituali
1022 3171 1067 3214 ex
1082 3159 1142 3214 tuo
1157 3151 1288 3215 deiectu
1304 3160 1339 3214 te
1353 3147 1552 3212 aetemaliter
1566 3145 1717 3228 puniam.

445 3277 483 3345 [p.
503 3277 575 3346 550]
616 3277 776 3336 Eaereeis.
818 3271 1008 3352 Jeronimus
1033 3272 1076 3335 de
1102 3272 1217 3355 Frage,
1245 3270 1404 3352 magister
1431 3267 1565 3342 arcium,
1592 3265 1715 3347 laycuS,

359 3390 508 3474 relapsus
527 3389 589 3454 suit
613 3393 646 3456 in
668 3389 811 3456 haereses
830 3391 992 3474 Johannis
1011 3392 1151 3475 Wyclys
1171 3392 1213 3455 de
1234 3391 1361 3473 Anglia
1380 3400 1415 3454 et
1436 3386 1598 3470 Johannis
1621 3385 1717 3450 Huss

358 3513 402 3576 de
424 3512 538 3595 Praga,
554 3532 644 3594 quas,
659 3532 746 3576 anno
763 3512 898 3580 Domini
913 3519 962 3576 m⁰
978 3519 1067 3577 cccc⁰
1086 3517 1154 3592 xv0,
1171 3512 1272 3594 xxiij⁰
1288 3512 1342 3575 die
1358 3510 1480 3584 mensis
1497 3506 1715 3594 Septembris,

359 3633 393 3696 in
423 3632 507 3696 sacri
536 3631 664 3696 concilii
696 3631 963 3698 Constanciensis
993 3633 1142 3697 cessione
1172 3632 1305 3716 publica
1334 3631 1549 3713 abjuraverat,
1577 3635 1612 3692 et
1639 3627 1716 3692 ideo

359 3753 478 3816 merito
501 3760 580 3816 tunc
603 3751 689 3835 ignis
706 3753 855 3835 voragini
878 3755 1056 3837 deputatus
1079 3754 1140 3818 suit
1163 3774 1222 3837 per
1242 3752 1324 3816 illud
1343 3749 1498 3834 generale
1518 3748 1717 3826 concilium;

358 3883 394 3938 et
427 3882 508 3937 tunc
542 3872 714 3954 dampnati
749 3873 880 3938 suerunt
914 3875 948 3938 in
984 3876 1103 3938 eodem
1139 3873 1278 3938 concilio
1313 3871 1564 3936 Constanciensi
1581 3885 1590 3946 ς
1603 3879 1718 3934 tamen

358 3991 528 4078 Johannes
551 3980 714 4076 Magister
734 3994 874 4077 Wyclyf
895 4004 928 4060 et
950 3995 1112 4079 Magister
1133 3993 1303 4076 Johannes
1327 3993 1428 4067 Huss,
1448 4000 1482 4056 et
1503 4010 1617 4055 eorum
1640 3989 1715 4056 libri

359 4115 541 4197 dampnati,
560 4123 597 4178 ut
618 4115 750 4179 videtur
771 4116 804 4180 in
828 4116 912 4182 libro
937 4117 991 4180 De
1015 4115 1127 4180 Gestis
1152 4113 1420 4180 Constanciensis
1442 4121 1476 4178 et
1490 4112 1534 4196 'in
1555 4110 1640 4176 libro
1661 4111 1717 4184 De

360 4236 471 4302 Gestis
499 4235 637 4300 Concilii
665 4236 874 4318 Basiliensis;
910 4247 944 4312 et
970 4258 1059 4304 anno
1086 4237 1146 4303 Xti
1173 4241 1222 4302 m⁰
1248 4241 1319 4303 ccc⁰
1346 4233 1559 4320 octogesimo,
1584 4233 1717 4298 vivente

1007 4355 1031 4417 Q
1049 4359 1066 4402 2
