4338 4936
479 385 520 448 62
855 389 953 444 LOCI
978 388 1008 442 E
1035 388 1160 443 LIBRO
1195 386 1454 442 VERITATUM.

479 600 532 662 cui
560 607 648 662 recte
678 597 840 674 obeditur,
867 597 944 678 quia
971 596 1063 658 Deus
1094 605 1201 660 ratum
1231 593 1332 657 habet
1359 595 1448 675 quod
1480 592 1612 656 nomine
1642 591 1712 674 ejus
1742 600 1829 654 recte

480 721 678 802 praecipitur.
725 718 810 782 Item
835 719 928 800 regit,
946 718 1002 799 qui
1025 717 1169 799 seipsum
1193 716 1332 797 exponit
1356 715 1387 777 in
1411 714 1553 777 salutem
1575 713 1722 790 aliorum,
1742 715 1831 794 paci·

480 841 567 904 endo
588 839 733 922 poenalia
754 859 814 920 pro
830 838 963 920 justicia
984 848 1099 901 contra
1119 837 1275 910 tirannos
1295 855 1372 899 vere
1391 836 1540 898 dicentes
1561 854 1637 897 cum
1660 833 1830 915 propheta,

480 962 648 1044 quomodo
667 981 776 1024 coram
795 960 870 1023 Deo
889 960 1039 1022 inventus
1060 967 1110 1021 est
1133 956 1283 1038 ‘sanguis
1307 976 1488 1039 pauperum
1510 957 1542 1017 in
1563 955 1624 1018 alis
1644 953 1776 1029 eorum,’
1797 954 1830 1016 id

481 1091 540 1154 est,
557 1082 589 1144 in
611 1081 735 1144 deliciis
756 1088 789 1143 et
807 1080 1032 1162 voluptatibus
1051 1079 1190 1142 divitum
1211 1086 1245 1140 et
1268 1087 1471 1140 terrenorum
1492 1077 1644 1138 inventus
1664 1083 1714 1138 est
1736 1074 1831 1138 labor

477 1201 642 1282 justorum
672 1221 864 1284 pauperum,
894 1201 983 1282 quod
1018 1200 1210 1281 opprimunt
1240 1207 1275 1261 et
1305 1196 1425 1279 injuste
1458 1217 1571 1260 eorum
1601 1196 1690 1259 bona
1718 1205 1831 1258 extor-

480 1331 605 1404 quent;
640 1331 673 1385 et
703 1322 765 1403 ipsi
792 1321 981 1384 laborantes
1007 1319 1164 1402 indigent,
1190 1327 1225 1382 et
1253 1318 1308 1381 alii
1339 1318 1462 1381 intrant
1489 1319 1522 1380 in
1549 1316 1680 1380 labores
1707 1335 1828 1378 eorum.

481 1443 569 1506 Item
585 1443 718 1524 sanguis
734 1461 914 1524 pauperum
931 1451 981 1504 est
996 1441 1029 1502 in
1048 1439 1110 1502 alis
1129 1459 1251 1517 eorum,
1267 1439 1344 1521 quia
1362 1439 1424 1520 ipsi
1446 1438 1556 1519 magni
1573 1437 1698 1500 domini
1713 1437 1831 1498 terreni

481 1573 558 1626 sunt
581 1583 679 1626 causa
702 1573 736 1625 et
758 1563 887 1625 occasio
907 1582 1009 1642 quare
1028 1561 1083 1623 alii
1106 1559 1273 1623 inferiores
1296 1567 1435 1640 peccant
1458 1557 1545 1621 malo
1565 1577 1678 1621 amore
1696 1555 1749 1620 vel
1772 1576 1832 1638 pro

482 1684 571 1747 malo
592 1685 711 1746 timore
732 1703 854 1758 eorum,
870 1692 905 1745 et
925 1702 1023 1745 causa
1043 1691 1120 1745 sunt
1143 1680 1305 1743 malorum
1328 1680 1361 1741 in
1382 1679 1529 1762 pluribus
1550 1678 1655 1755 malis,
1671 1698 1754 1761 quos
1774 1677 1833 1740 de·

483 1805 623 1867 lendunt
645 1805 678 1866 in
702 1802 799 1881 malo,
819 1813 857 1888 et
879 1823 936 1866 eos
959 1802 1076 1880 corrigi
1099 1821 1165 1864 non
1187 1802 1391 1883 permittunt.
1438 1799 1483 1862 Et
1506 1800 1644 1862 Numeri
1667 1798 1832 1862 tricesimo

385 1943 387 1948 ’
481 1924 543 2006 iiij⁰
566 1925 647 1988 dicit
671 1923 843 2000 Dominus,
865 1943 901 1986 se
923 1921 1039 1984 inferre
1062 1930 1190 1984 tantam
1214 1941 1348 2002 poenam
1372 1941 1437 1983 non
1462 1920 1673 2005 punientibus
1697 1927 1833 2001 peccata

481 2054 643 2126 quantam
668 2043 800 2107 inierret
824 2041 1020 2106 iacientibus
1043 2041 1099 2104 illa
1121 2041 1216 2118 mala,
1232 2061 1319 2123 ergo,
1337 2061 1358 2104 a
1379 2041 1515 2118 forciori,
1535 2041 1649 2124 puniet
1672 2039 1755 2118 illos,
1775 2039 1832 2121 qui

481 2166 572 2229 mala
591 2164 784 2241 defendunt,
803 2173 836 2226 et
857 2163 973 2245 corrigi
998 2182 1063 2225 non
1087 2162 1292 2244 permittunt,
1311 2164 1388 2245 quia
1409 2161 1473 2226 hoc
1496 2162 1601 2244 majus
1625 2161 1748 2224 malum
1771 2171 1832 2224 est.

479 2287 587 2368 Regit
605 2305 683 2367 ergo
704 2285 790 2347 bene
808 2284 864 2364 qui
884 2304 920 2345 se
939 2285 1079 2365 exponit
1097 2303 1157 2365 pro
1175 2303 1274 2365 grege
1292 2282 1501 2346 defendendo
1521 2304 1541 2345 a
1561 2282 1665 2359 malis,
1683 2282 1833 2364 cogitans

484 2407 566 2470 illud
594 2407 719 2469 dictum
751 2402 922 2487 prophetae
950 2403 983 2465 in
1009 2402 1092 2465 libro
1120 2401 1271 2484 Regum:
1299 2401 1459 2465 ‘Custodi
1484 2402 1590 2465 virum
1617 2402 1733 2484 ipsum,
1755 2401 1835 2482 quia

480 2528 510 2592 ,si
537 2526 651 2608 lapsus
677 2525 747 2600 luit,
771 2524 834 2586 erit
855 2525 967 2586 anima
989 2532 1047 2586 tua
1070 2543 1130 2604 pro
1153 2525 1265 2587 anima
1290 2521 1395 2605 ejus3’
1423 2524 1455 2586 id
1479 2532 1538 2600 est,
1559 2522 1621 2586 erit
1643 2522 1754 2585 anima
1776 2531 1835 2585 tua

484 2647 601 2730 punita
627 2666 687 2728 pro
714 2655 773 2708 tuo
799 2643 938 2718 delectu,
966 2644 1043 2726 quia
1073 2643 1220 2706 deiecisti
1249 2644 1292 2706 ab
1322 2664 1363 2706 eo
1389 2644 1478 2725 quod
1505 2643 1632 2724 operari
1662 2641 1834 2720 tenebaris,

484 2768 546 2830 sub
576 2787 677 2849 poena
705 2765 840 2828 offensae
869 2763 954 2842 Dei;
987 2773 1022 2826 et
1048 2765 1158 2826 anima
1184 2773 1242 2827 tua
1272 2764 1332 2826 erit
1363 2764 1478 2845 punita
1504 2763 1581 2845 quia
1607 2761 1730 2825 malum
1757 2761 1835 2826 lecit

484 2888 574 2969 quod
599 2907 783 2970 praecavere
806 2887 924 2968 potuit,
944 2896 977 2949 et
995 2886 1109 2949 debuit
1128 2906 1171 2948 ex
1192 2885 1317 2948 lumine
1337 2884 1540 2962 intellectus3
1564 2885 1652 2947 unde
1670 2883 1835 2946 Dominus

485 3007 669 3072 Ezechielis
698 3007 730 3089 iij
759 3008 830 3089 ipse
858 3006 983 3070 scilicet
1012 3006 1163 3070 subditus
1193 3007 1226 3068 in
1256 3005 1437 3088 iniquitate,
1460 3025 1561 3087 quam
1590 3013 1745 3087 operatus
1774 3013 1834 3081 est,

485 3129 650 3218 morietur,
679 3129 741 3192 ie.
773 3147 793 3192 a
824 3127 899 3190 Deo
928 3127 1143 3210 separabitur,
1173 3137 1208 3190 et
1236 3125 1431 3208 sanguinem
1460 3125 1531 3206 ejus
1560 3126 1603 3188 de
1636 3145 1737 3187 manu
1767 3133 1834 3197 tua,

483 3249 517 3314 Ο
541 3258 648 3312 rector
670 3247 802 3331 populi!
834 3247 1007 3330 requiram,
1028 3249 1105 3329 quia
1126 3247 1250 3310 scilicet
1271 3245 1421 3310 defecisti
1442 3267 1463 3308 a
1485 3245 1599 3308 debito
1621 3253 1689 3322 tuo,
1711 3243 1835 3308 scilicet

486 3370 611 3434 malum
633 3369 793 3444 iaciendo,
817 3369 870 3432 vel
892 3390 913 3432 a
938 3368 1025 3432 malo
1048 3389 1108 3431 suo
1131 3369 1239 3449 ipsum
1263 3387 1328 3429 non
1352 3367 1545 3443 revocando
1567 3365 1619 3428 vel
1642 3364 1834 3447 exemplum

485 3492 620 3565 bonum,
642 3490 694 3554 vel
721 3491 810 3554 aliud
834 3491 985 3553 debitum
1013 3490 1138 3552 bonum
1160 3487 1356 3562 omittendo,
1380 3497 1417 3550 ut
1440 3486 1586 3549 declarat
1610 3485 1696 3548 bene
1718 3487 1835 3548 doctor

483 3611 698 3690 auctenticus,
715 3611 818 3693 Hugo
839 3613 882 3674 de
896 3611 1036 3684 Vienna,
1054 3607 1236 3672 Ezechielis
1255 3607 1303 3688 iij⁰
1319 3606 1474 3689 capitulo.
1516 3605 1610 3688 Opus
1628 3606 1715 3668 enim
1731 3606 1834 3668 curati

480 3741 537 3795 cst
567 3753 679 3814 regere
707 3733 835 3795 animas
865 3741 1024 3812 tanquam
1052 3730 1235 3812 preciosum
1263 3728 1453 3792 thesaurum
1480 3747 1579 3809 quem
1606 3726 1694 3790 Xtus
1719 3725 1836 3807 adqui-

486 3853 562 3916 sivit
589 3852 747 3934 sanguine
774 3873 845 3927 suo,
868 3861 953 3914 teste
979 3849 1120 3934 apostoli
1144 3848 1292 3913 Actuum
1314 3848 1469 3912 vicesimo
1496 3846 1650 3930 capitulo.
1696 3844 1835 3909 Custodi

486 3974 585 4056 igitur
607 3973 795 4055 depositum
819 3982 921 4048 tuum,
946 3972 996 4034 ie.
1017 3970 1217 4044 thesaurum,
1242 3969 1401 4032 custodiae
1424 3977 1491 4030 tuae
1513 3967 1734 4043 commissum,
1758 3965 1835 4048 quia

485 4095 514 4156 si
540 4103 598 4157 tuo
624 4092 754 4156 deiectu
781 4093 875 4175 perit,
897 4113 947 4154 vae
974 4092 1052 4155 tibil
1080 4091 1157 4174 quia
1178 4090 1308 4153 vineam
1333 4099 1425 4152 tuam
1448 4108 1515 4152 non
1538 4088 1720 4152 custodisti.
1766 4085 1834 4149 Sed

485 4213 576 4280 heul,
598 4213 666 4296 jam
695 4214 780 4295 quia,
805 4214 859 4296 qui
884 4213 953 4295 jam
980 4233 1063 4275 onus
1092 4211 1257 4293 regiminis
1284 4209 1411 4292 accipit,
1437 4219 1494 4274 aut
1521 4217 1571 4272 est
1598 4208 1693 4272 valde
1720 4206 1834 4280 malus,
