4378 4936
493 377 553 440 160
866 385 965 440 LOCI
991 387 1019 439 E
1049 387 1171 440 LIBRO
1207 387 1466 442 VERITATUM.

489 609 572 677 runt,
589 619 648 681 per
667 599 778 664 literas
793 619 870 664 suas
886 611 919 665 et
936 622 994 683 per
1009 601 1146 666 nuncios
1162 597 1243 686 (sic),
1256 610 1292 664 ut
1308 601 1350 664 ad
1368 602 1535 664 civitatem
1553 600 1705 665 Pisanam
1722 620 1840 664 conve·

488 722 596 784 nirent
616 740 704 786 anno
725 721 860 784 Domini
882 739 973 804 1409.
1018 721 1296 803 Vocaveruntque
1313 720 1497 784 cardinales
1517 720 1560 784 ad
1581 719 1644 784 hoc
1664 721 1839 785 concilium

488 843 644 908 Pisanum
671 862 765 924 reges
791 852 825 906 et
849 843 1021 926 principes,
1050 853 1084 907 et
1110 843 1263 906 dominos
1287 843 1459 918 seculares,
1483 852 1519 906 ut
1546 862 1605 925 per
1629 842 1764 923 seipsos,
1787 841 1839 904 vel

485 986 546 1048 per
566 975 794 1047 procuratores
819 985 897 1028 suos
919 965 962 1028 ad
989 963 1053 1027 hoc
1083 963 1245 1045 legittime
1270 965 1458 1045 deputatos,
1482 963 1604 1026 ibidem
1632 973 1839 1046 apparerent.

487 1085 648 1169 Gregorio
675 1097 787 1151 autem
817 1085 869 1167 xj⁰
900 1094 933 1148 et
964 1084 1146 1148 Benedicto
1168 1084 1243 1166 xiij⁰
1266 1085 1309 1150 de
1339 1085 1517 1167 praesulato
1541 1086 1697 1149 Romano
1728 1085 1839 1147 rixan-

485 1209 583 1286 tibus,
621 1216 844 1272 convenerunt
882 1206 925 1269 ad
964 1205 1137 1269 concilium
1175 1206 1208 1268 in
1246 1206 1379 1272 civitate
1418 1207 1620 1283 Pisanorum,
1649 1207 1692 1270 de
1729 1205 1838 1287 regnis

486 1328 723 1405 Romanorum,
749 1327 1003 1402 Almannorum,
1031 1325 1240 1404 Francorum,
1268 1326 1466 1408 Anglorum,
1493 1327 1703 1401 Polonorum,
1729 1325 1837 1389 Bohe·

485 1471 624 1525 morum,
655 1460 689 1514 et
724 1449 895 1512 nationum
931 1447 1142 1524 diversarum,
1173 1448 1376 1530 patriarchae,
1405 1448 1650 1532 archiepiscopi,
1683 1447 1837 1530 episcopi,

484 1571 630 1647 abbates,
669 1569 805 1653 praelati‚
843 1569 1039 1645 sacerdotes,
1070 1579 1103 1632 et
1140 1569 1256 1647 clerici,
1286 1569 1447 1646 doctores,
1480 1579 1513 1632 et
1551 1569 1698 1651 magistri
1735 1589 1836 1632 sacrae

483 1691 686 1774 Theologiae,
707 1691 788 1773 juris
811 1692 989 1774 utriusque,
1005 1700 1039 1754 et
1062 1689 1157 1754 multi
1181 1701 1409 1772 procuratores
1432 1690 1496 1768 alii,
1518 1693 1574 1772 qui
1597 1691 1642 1753 ibi
1666 1690 1836 1772 elegerunt

482 1812 516 1874 in
554 1832 676 1895 papam
712 1812 884 1876 dominum
923 1812 1056 1874 Petrum
1089 1811 1133 1874 de
1165 1809 1302 1883 Candia,
1333 1810 1466 1874 tratrem
1500 1811 1624 1874 ordinis
1662 1811 1835 1888 minorum,

482 1933 684 1998 cardinalem
714 1934 944 2016 presbiterum,
971 1931 1057 1996 tituli
1085 1930 1131 2012 xij
1160 1931 1396 2012 apostolorum,
1423 1933 1479 2013 qui
1506 1933 1678 1996 dicebatur
1705 1933 1835 1997 Medio-

481 2054 634 2135 lanensiS,
659 2076 758 2138 quem
786 2055 1002 2118 nominabant
1030 2051 1263 2116 Alexandrum
1290 2053 1452 2134 quintum,
1476 2055 1532 2134 qui
1559 2074 1661 2135 parvo
1685 2063 1835 2136 tempore

481 2175 544 2240 suit
569 2197 668 2259 papa,
690 2175 805 2238 obiens
832 2175 865 2238 in
888 2175 1021 2238 civitate
1044 2172 1244 2236 Bononiensi
1273 2193 1361 2237 anno
1389 2174 1524 2238 Domini
1562 2191 1666 2251 14103
1697 2183 1731 2238 et
1762 2185 1833 2238 tum

482 2295 607 2360 electus
636 2296 698 2360 suit
725 2296 758 2358 in
783 2315 905 2377 papam
929 2293 1099 2375 Johannes
1121 2309 1161 2375 23
1195 2293 1364 2370 Bononiae,
1388 2296 1444 2376 qui
1471 2295 1673 2372 convocavit,
1700 2305 1834 2378 propter

482 2416 652 2481 decretum
689 2415 838 2500 praedicti
869 2413 979 2478 Pisani
1012 2413 1149 2490 concilii,
1180 2413 1354 2478 concilium
1391 2414 1545 2496 generale
1581 2415 1624 2478 ad
1661 2416 1829 2479 civitatem

482 2536 785 2611 Constanciensem,
810 2557 867 2599 seu
892 2534 1109 2612 Constanciae‚
1131 2535 1186 2615 qui
1213 2535 1256 2598 ab
1283 2535 1339 2598 illo
1366 2535 1504 2600 concilio
1529 2535 1674 2618 generali
1696 2555 1833 2618 congre·

479 2668 560 2739 gato
594 2658 731 2740 lugiens,
763 2667 797 2721 et
828 2659 946 2720 iterum
982 2663 1110 2734 captus,
1141 2664 1175 2719 et
1210 2656 1253 2719 ad
1292 2657 1373 2720 illud
1411 2657 1585 2722 concilium
1624 2656 1832 2721 Constanciae

480 2778 632 2842 reductus
655 2799 715 2862 per
739 2798 850 2860 regem
877 2777 1105 2842 Romanorum
1129 2775 1389 2858 Sigismundum,
1411 2788 1566 2842 vocatum
1589 2779 1830 2861 imperatorem,

478 2895 649 2978 depositus
676 2903 726 2958 est
752 2894 785 2958 in
811 2894 929 2957 eodem
957 2892 1094 2958 concilio
1121 2893 1379 2971 Constanciensi,
1402 2896 1492 2977 prius
1513 2896 1673 2978 depositis
1696 2895 1730 2958 in
1754 2915 1831 2958 con·

478 3138 607 3202 cionem
629 3157 725 3220 papae
748 3136 874 3201 domini
895 3135 1083 3200 Alexandri
1107 3137 1213 3219 quinti
1236 3137 1269 3200 in
1292 3137 1411 3202 eodem
1433 3137 1571 3202 concilio
1594 3136 1721 3214 Pisano,
1739 3147 1774 3202 et
1795 3138 1828 3200 in

477 3259 542 3323 isto
562 3257 701 3324 concilio
723 3256 973 3322 Constanciensi
992 3257 1117 3324 electus
1138 3257 1200 3322 suit
1221 3261 1254 3322 in
1275 3279 1398 3341 papam
1418 3279 1476 3341 per
1491 3259 1620 3341 aliquos
1639 3257 1829 3334 cardinales,

478 3390 511 3444 et
534 3401 593 3463 per
614 3377 698 3444 alios
719 3380 898 3462 deputatos
918 3379 952 3442 in
976 3377 1032 3443 illo
1055 3378 1194 3443 concilio
1219 3377 1479 3456 Constanciensi,
1497 3380 1663 3444 Martinus
1686 3379 1828 3461 quintus,

475 3521 564 3566 anno
583 3501 720 3564 Domini
746 3512 837 3580 1417,
861 3502 894 3564 in
918 3501 973 3566 die
990 3499 1104 3566 Sancti
1129 3500 1264 3564 Martini
1289 3501 1433 3584 episcopi
1456 3511 1491 3565 et
1512 3501 1716 3574 confessoris,
1741 3519 1828 3582 papa

474 3621 629 3702 Johanne
651 3640 691 3708 23
715 3623 867 3706 deposito
891 3623 923 3686 in
946 3623 1064 3686 eodem
1088 3621 1230 3686 concilio
1255 3620 1504 3687 Constanciensi
1530 3643 1618 3686 anno
1641 3621 1700 3684 Xti
1733 3639 1824 3698 1414,

474 3755 552 3826 post
578 3745 817 3813 Pentecostalia
840 3743 935 3806 festa.
980 3741 1064 3806 Haec
1091 3743 1202 3806 omnia
1228 3753 1345 3825 patent
1371 3745 1405 3806 in
1429 3743 1512 3807 libro
1537 3743 1590 3806 De
1613 3743 1723 3807 Gestis
1747 3763 1825 3806 con·

475 3865 539 3929 cilii
558 3865 667 3930 Pisani
691 3875 724 3928 et
749 3863 1025 3940 Constanciensis,
1046 3883 1146 3946 quem
1169 3863 1237 3926 vidi
1259 3863 1403 3928 Oxoniae
1426 3865 1459 3926 in
1480 3863 1619 3946 collegio
1641 3863 1826 3938 Dunelmae,

474 3989 562 4069 quod
586 3987 688 4050 habet
710 3985 803 4050 illum
827 3985 945 4048 librum
969 4005 1012 4048 ex
1037 3987 1126 4049 dono
1149 3985 1293 4049 doctoris
1312 3986 1451 4049 Roberti
1474 3985 1610 4050 Burtun.
1658 3984 1825 4049 Successit

475 4109 620 4172 Martino
647 4108 763 4190 quinto
793 4106 963 4190 Eugenius
995 4106 1088 4188 iiijtm,
1120 4105 1271 4188 Eugenio
1295 4106 1355 4188 iiij⁰
1385 4106 1566 4172 Nicholaus
1592 4107 1734 4188 quintus,
1765 4105 1826 4168 Ni·

473 4229 591 4294 cholao
622 4229 738 4310 quinto
767 4228 894 4293 doctori
925 4248 1025 4292 sacrae
1051 4227 1245 4310 Theologiae
1275 4229 1432 4292 successit
1464 4225 1617 4292 Calixtus
1641 4227 1695 4309 iij⁸,
1723 4245 1823 4312 quem
