4378 4936
737 401 836 457 LOCI
862 401 891 455 E
919 400 1044 454 LIBRO
1079 399 1336 455 VERITATUM.
1671 413 1709 477 91

361 613 504 693 trahunt,
529 616 629 680 verba
660 615 775 681 Sancti
800 615 959 697 Jeronimi
989 615 1022 677 in
1054 613 1192 697 prologo
1219 613 1336 678 Bibliae
1365 615 1581 694 considerent,
1610 637 1655 682 sc.
1680 617 1713 681 in

361 733 501 816 epistola
517 734 632 801 Sancti
648 737 806 818 Jeronimi
825 737 868 800 ad
890 734 1064 799 Paulinum
1084 735 1127 798 de
1146 733 1308 799 Senatore
1330 736 1558 818 presbiterum.
1601 737 1714 802 Vicio-

361 853 525 919 sissimum
555 858 685 922 dicendi
717 877 823 940 genus
852 865 903 919 est
939 856 1118 938 depravare
1148 855 1332 919 sentencias
1363 865 1398 919 et
1432 857 1475 920 ad
1506 857 1713 924 voluntatem

361 995 455 1039 suam
477 997 603 1041 sacram
626 978 821 1061 scripturam
843 976 972 1040 trahere
993 983 1242 1058 repugnantem.
1288 975 1368 1039 Illas
1391 997 1469 1059 ergo
1491 978 1648 1042 veritates
1670 978 1713 1042 de

362 1095 579 1178 indulgenciis
610 1099 654 1162 ab
690 1097 825 1162 homine
859 1096 1023 1161 concessis
1059 1104 1241 1174 teneamus,
1274 1115 1357 1178 quas
1391 1099 1495 1161 sancti
1532 1108 1643 1181 patres
1680 1107 1716 1164 et

361 1209 491 1298 ¹magnae
519 1217 668 1283 scienciae
695 1219 847 1282 doctores
877 1217 1005 1300 magnis
1035 1225 1069 1280 et
1097 1216 1221 1299 apertis
1249 1217 1431 1282 ostendunt
1461 1219 1646 1284 racionibus
1680 1229 1715 1286 et

361 1337 543 1401 manifestis
572 1359 674 1402 sacrae
704 1339 873 1421 scripturae
899 1336 1096 1401 testimoniis
1108 1358 1116 1415 ;
1146 1345 1240 1400 tanta
1270 1338 1360 1400 enirn
1390 1347 1501 1421 potest
1534 1359 1606 1403 esse
1635 1360 1715 1404 con·

361 1459 467 1521 versio
489 1467 523 1522 et
548 1479 643 1522 amor
664 1459 792 1523 divinus
816 1461 849 1521 in
874 1458 985 1522 animo
1008 1456 1200 1538 poenitentis
1222 1457 1313 1539 quod
1336 1458 1363 1520 si
1390 1479 1471 1521 mox
1494 1459 1605 1523 anima
1627 1468 1715 1524 esset

360 1587 521 1659 separata,
544 1578 685 1643 totalem
709 1598 841 1662 prorsus
865 1577 990 1642 habent
1015 1596 1125 1661 poenae
1151 1578 1241 1660 prius
1267 1577 1389 1642 debitae
1415 1579 1652 1656 remissionem,
1674 1591 1712 1645 ut

361 1698 506 1762 ostendit
533 1697 675 1764 Sanctus
699 1698 848 1762 Thomas
874 1699 907 1761 in
930 1704 966 1774 4⁰
990 1697 1073 1761 libro
1096 1696 1356 1762 Sentenciarum.
1402 1698 1490 1762 Tum
1516 1699 1637 1764 salsum
1662 1711 1713 1766 est

360 1818 451 1900 quod
481 1818 639 1901 quaelibet
668 1820 739 1884 dies
771 1819 981 1902 poenitenciae
1010 1819 1043 1881 in
1073 1818 1223 1902 quolibet
1259 1819 1443 1902 poenitente
1479 1821 1512 1883 in
1545 1820 1607 1886 hac
1643 1821 1714 1886 vita

361 1949 504 2003 meretur
532 1961 553 2005 a
583 1939 659 2003 Deo
688 1939 915 2004 remissionem
944 1939 1093 2003 annualis
1126 1959 1235 2022 poenae
1266 1941 1300 2003 in
1329 1942 1520 2024 purgatorio
1551 1963 1608 2006 seu
1635 1953 1713 2025 post

360 2059 445 2123 hanc
467 2061 594 2138 vitam.¹
627 2060 739 2124 Plures
759 2060 847 2124 enirn
866 2061 988 2138 dicunt,
1009 2060 1192 2124 ‘Dominel
1217 2061 1380 2126 Dominel
1403 2062 1495 2144 aperi
1518 2060 1634 2138 nobis,’
1652 2064 1711 2127 sed

360 2182 438 2262 quia
463 2182 561 2244 corde
584 2191 617 2245 et
640 2201 740 2264 opere
762 2201 828 2244 non
851 2179 995 2245 clamant
1019 2181 1095 2245 ideo
1116 2181 1264 2257 audiunt,
1294 2183 1434 2247 ‘Nescio
1457 2183 1533 2258 vos,'
1556 2183 1576 2245 i.
1591 2204 1619 2247 e.
1644 2203 1710 2249 non

359 2301 517 2384 approbo.
564 2301 645 2365 Ideo
670 2321 745 2366 curn
772 2301 909 2365 concilio
938 2311 1062 2366 sanctae
1091 2301 1200 2366 viduae
1221 2303 1324 2384 Judit,
1351 2302 1622 2387 ‘indulgenciam
1645 2303 1711 2368 Dei

358 2421 438 2485 lusis
460 2421 601 2486 lacrimis
616 2421 830 2504 postulemus,
845 2433 880 2487 et
897 2421 1107 2486 humiliemus
1123 2421 1169 2485 illi
1187 2423 1315 2488 animas
1336 2432 1472 2502 nostras,
1488 2433 1523 2488 et
1540 2423 1574 2488 in
1591 2423 1707 2507 spiritu

359 2542 500 2606 contrito
523 2551 557 2605 et
580 2541 752 2606 humiliato
774 2541 952 2606 servientes
974 2543 1021 2605 illi
1043 2543 1200 2622 dicamus,
1220 2543 1337 2607 flentes
1358 2543 1517 2620 Domino,
1535 2553 1572 2607 ut
1594 2564 1710 2609 secun-

360 2662 441 2725 dum
481 2662 687 2726 voluntatem
728 2683 822 2726 suam
865 2662 911 2726 sic
952 2662 1050 2727 faciat
1092 2664 1263 2727 nobiscum
1301 2664 1557 2728 misericordiam
1594 2661 1710 2728 suam.’

359 2783 454 2864 Judit
474 2780 508 2843 8⁰
527 2790 590 2848 ca⁰.
630 2783 965 2865 Oquociensaudivi
988 2785 1173 2848 mundanos
1194 2793 1228 2848 et
1250 2785 1424 2848 carnaliter
1443 2785 1591 2848 viventes
1614 2805 1709 2867 pom·

359 2907 468 2986 patice
498 2903 615 2982 dicere,
633 2907 640 2935 ‘
656 2904 735 2967 Non
764 2925 842 2968 curo
872 2902 1024 2968 homines
1053 2905 1221 2984 indictare,
1250 2905 1340 2969 lucra
1369 2924 1490 2987 magna
1518 2906 1563 2969 ad
1592 2915 1708 2969 votum

358 3026 541 3108 adquirere,
557 3024 673 3089 viduas
697 3035 730 3089 et
753 3045 914 3110 pauperes
936 3025 1111 3108 exquisitis
1133 3034 1167 3090 et
1189 3025 1424 3110 apparentibus
1445 3026 1562 3090 mediis
1585 3026 1709 3110 depau-

358 3139 482 3229 perare,
508 3145 649 3210 sienim
675 3147 817 3229 pessime
843 3167 951 3230 eger0,
978 3167 1037 3231 per
1064 3147 1290 3211 visitacionem
1314 3146 1390 3211 talis
1416 3145 1562 3211 ecclesiae
1589 3155 1623 3210 et
1649 3167 1708 3229 per

359 3266 565 3330 oblacionem
591 3265 740 3348 pecuniae
766 3266 947 3350 plenariam
975 3268 1200 3332 remissionem
1223 3267 1329 3350 culpae
1352 3277 1387 3331 et
1413 3288 1523 3349 poenae
1545 3266 1676 3330 habebo
1690 3262 1708 3330 l’

360 3386 392 3452 Ο
420 3407 520 3468 quam
547 3386 624 3450 caeci
650 3396 729 3451 sunt
755 3396 866 3452 mente
892 3389 948 3470 qui
973 3387 1053 3452 talia
1079 3387 1162 3452 salsa
1187 3384 1320 3452 dicunt!
1367 3386 1546 3470 Quomodo
1572 3385 1708 3450 solvitur

359 3627 478 3712 linquit
498 3627 673 3692 commissa
694 3649 754 3693 nec
773 3628 893 3693 aflectu
915 3650 975 3694 nec
998 3629 1115 3694 effectu
1131 3628 1210 3693 iacit
1230 3649 1330 3712 opera
1345 3648 1455 3693 coram
1472 3628 1546 3692 Deo
1568 3623 1707 3691 debita?

360 3751 427 3835 Qui
449 3771 528 3834 ergo
551 3750 675 3826 dicunt,
699 3770 734 3812 se
756 3749 826 3814 sine
848 3750 1003 3834 operibus
1023 3749 1188 3833 requisitis
1212 3769 1322 3814 coram
1338 3749 1413 3812 Deo
1435 3747 1566 3811 veniam
1588 3767 1609 3811 a
1632 3747 1708 3812 Deo

357 3873 489 3949 habere,
503 3871 628 3936 violant
651 3871 763 3936 Deum
786 3872 820 3934 in
843 3881 1002 3954 quantum
1025 3872 1058 3934 in
1082 3871 1161 3954 ipsis
1183 3881 1243 3946 est,
1259 3870 1336 3952 quia
1358 3869 1473 3933 dicunt
1491 3870 1601 3932 Deum
1623 3867 1708 3932 velle

359 3993 440 4056 illud
463 3993 552 4074 quod
576 4012 641 4056 non
663 3993 742 4068 vult,
765 4014 826 4057 nec
848 3993 1001 4057 convenit
1024 3993 1098 4056 Deo
1121 3993 1167 4056 sic
1189 3991 1282 4069 velle,
1302 3999 1335 4054 et
1358 3990 1472 4054 dicunt
1495 3989 1605 4052 Deum
1628 3990 1708 4053 dare

355 4115 499 4189 veniam,
519 4113 674 4197 graciam,
698 4124 732 4179 et
757 4113 898 4196 gloriam
920 4133 979 4197 per
1005 4113 1084 4177 talia
1112 4112 1221 4176 media
1247 4133 1306 4196 per
1330 4131 1406 4194 quae
1433 4110 1543 4174 media
1564 4109 1592 4172 si
1615 4109 1708 4174 Deus

358 4236 452 4299 daret
475 4233 615 4316 injustus
639 4244 673 4298 et
693 4234 833 4300 violatus
860 4244 955 4300 esset.
1002 4233 1103 4298 Unde
1127 4234 1170 4297 de
1189 4232 1309 4299 talibus
1333 4231 1413 4298 dicit
1435 4231 1607 4309 Dominus,
1623 4229 1708 4293 Eze-

1005 4351 1030 4399 N
1048 4355 1066 4400 2
