4378 4936
498 394 539 478 98
875 403 973 458 LOCI
997 401 1027 456 E
1055 401 1180 455 LIBRO
1215 397 1473 458 VERITATUM.

500 615 596 682 oculo
617 615 740 699 jugiter
763 615 934 698 aspiceret,
956 625 990 680 et
1014 615 1060 679 sic
1084 613 1191 679 fidelis
1217 625 1251 679 et
1274 616 1418 698 prudens
1445 635 1557 678 servus
1582 623 1616 678 et
1641 615 1851 698 dispensator

500 737 614 801 domui
636 737 699 800 Dei
723 737 881 800 existeret
901 735 1009 800 fidelis
1035 737 1068 798 in
1092 733 1224 810 affectu,
1240 738 1385 818 prudens
1408 736 1441 799 in
1464 735 1642 800 intellectu.
1687 735 1851 800 Dominus

500 857 589 922 enim
606 856 698 920 Deus
713 857 801 920 dixit
817 857 925 930 Petro,
942 855 1288 939 Actuum10⁰‚‘Quae
1305 857 1397 919 Deus
1419 856 1598 930 mundavit,
1615 867 1651 920 tu
1667 873 1851 932 commune,

500 977 521 1041 i.
532 999 560 1042 e.
585 977 801 1056 immundum,
818 997 859 1039 ne
874 975 1016 1054 dixeris,’
1037 977 1056 1038 i.
1071 997 1098 1040 e.
1120 985 1186 1054 tua,
1206 976 1237 1041 Ο
1261 976 1366 1053 Petre‚
1381 977 1550 1040 sentencia
1570 977 1746 1042 conformis
1766 984 1852 1041 esset

501 1097 679 1162 sentenciae
691 1097 765 1160 Dei.
783 1091 1037 1179 ‘Michi,'inquit
1048 1097 1172 1174 Petrus,
1184 1105 1191 1131 ‘
1202 1097 1348 1160 ostendit
1356 1093 1466 1174 Deus,’
1478 1095 1689 1162 Actuumro⁰
1698 1096 1852 1180 capitulo,

502 1222 563 1281 ‘ne
587 1237 666 1299 ergo
689 1218 780 1281 dicas
807 1217 1025 1296 immundum,
1048 1217 1138 1300 quod
1162 1217 1253 1280 Deus
1277 1217 1459 1295 mundavit,
1482 1237 1543 1282 nec
1565 1219 1655 1282 dicas
1679 1217 1850 1290 mundum,

501 1337 591 1420 quod
605 1337 697 1401 Deus
707 1356 773 1402 non
784 1335 977 1403 mundavit’
1001 1337 1032 1402 O
1045 1349 1127 1420 quot
1138 1337 1225 1401 mala
1236 1347 1391 1403 secuntur
1403 1347 1437 1401 et
1449 1346 1531 1420 quot
1543 1339 1631 1402 bona
1644 1340 1854 1402 destruuntur

501 1479 561 1543 per
577 1457 649 1522 haec
663 1476 680 1540 7
697 1457 833 1522 flumina
846 1457 1047 1522 Babilonicae
1062 1457 1277 1521 confusionis:
1294 1457 1441 1522 ecclesiae
1457 1457 1679 1541 particulares,
1691 1458 1796 1540 ‘quasi
1812 1457 1853 1523 ti-

500 1579 611 1664 gurria
626 1580 659 1641 in
675 1574 916 1653 cucumerari0‚'
931 1577 1090 1642 desolatae
1105 1599 1126 1640 a
1140 1598 1218 1642 cura
1237 1588 1271 1642 et
1286 1579 1445 1661 regimine
1460 1579 1707 1662 relinquuntur;
1730 1579 1853 1662 passim

500 1700 561 1765 viri
578 1699 691 1777 Belial,
707 1700 726 1763 i.
739 1721 766 1763 e.
784 1699 854 1762 sine
871 1699 953 1781 jugo
974 1699 1122 1776 racionis,
1141 1699 1174 1761 in
1197 1698 1341 1763 ecclesiis
1357 1708 1390 1762 et
1408 1699 1522 1763 officiis
1537 1701 1665 1782 magnis
1681 1699 1853 1783 eliguntur,

501 1839 560 1884 seu
584 1820 707 1902 pocius,
727 1820 832 1897 minis,
848 1841 991 1897 munere,
1006 1819 1058 1884 vel
1079 1819 1200 1884 carnali
1224 1820 1384 1903 obsequio
1407 1820 1624 1898 intruduntur,
1640 1821 1854 1904 praesidentes

503 1951 538 2006 et
567 1939 693 2023 prelati,
717 1962 776 2024 per
805 1942 1015 2024 provisiones,
1042 1941 1252 2005 ecclesiarum
1282 1941 1420 2004 cassatis
1450 1941 1669 2006 eleccionibus
1697 1943 1750 2007 vel
1779 1963 1855 2025 pro·

502 2061 624 2138 bibitis,
641 2063 780 2145 pecunia
803 2063 1008 2144 precedente,
1024 2060 1097 2124 loca
1111 2069 1227 2124 sancta
1241 2071 1276 2124 et
1291 2061 1475 2124 animarum
1493 2081 1587 2126 curas
1603 2063 1854 2127 destruxerunt!

502 2181 592 2248 Novi
623 2184 712 2247 enim
742 2203 801 2264 per
823 2201 924 2244 unam
955 2182 1176 2264 provisionem
1200 2181 1320 2245 Rornae
1353 2192 1535 2264 optentam‚
1558 2185 1704 2266 pecuniis
1728 2185 1856 2266 magnis

503 2305 775 2388 praecedentibus,
786 2302 984 2366 eleccionem
1000 2323 1131 2385 magnae
1147 2323 1233 2366 curae
1249 2313 1282 2367 et
1298 2303 1468 2385 dignitatis
1483 2305 1517 2367 in
1529 2303 1665 2369 ecclesia
1682 2303 1854 2388 prohiberi,

504 2436 539 2492 et
553 2426 664 2490 divina
679 2424 786 2489 officia
802 2445 860 2508 per
874 2425 983 2506 plures
998 2426 1069 2489 dies
1091 2426 1124 2488 in
1141 2425 1257 2489 eadem
1281 2425 1426 2504 ecclesia,
1442 2445 1540 2491 causa
1563 2426 1648 2490 illius
1662 2426 1857 2509 provisionis
1961 2408 1971 2422 '

504 2548 643 2631 papalis,
668 2547 845 2630 suspendi;
879 2547 1060 2610 canonibus
1090 2545 1291 2611 secularibus
1315 2547 1462 2629 ejusdem
1496 2547 1642 2611 ecclesiae
1664 2549 1857 2630 optantibus

504 2689 564 2753 per
586 2668 786 2732 eleccionem
819 2676 947 2750 patrem
981 2667 1028 2731 eis
1059 2668 1235 2750 praesidere
1258 2675 1292 2730 et
1314 2677 1503 2750 pastorem3
1538 2679 1653 2733 notum
1677 2669 1764 2733 eninr
1787 2679 1857 2732 erat

506 2789 649 2853 eundem
687 2789 853 2871 provisum
892 2809 952 2852 nec
985 2789 1161 2852 virtutibus
1200 2787 1378 2851 moralibus
1415 2798 1577 2868 omatum,
1611 2811 1671 2854 nec
1708 2790 1857 2855 scienciae

506 2910 629 2974 lumine
662 2911 866 2984 decoratum,
901 2930 960 2974 nec
994 2910 1115 2992 gradus
1149 2907 1311 2973 scolastici
1346 2910 1536 2975 testimonio
1569 2911 1768 2975 roboratum.
1826 2909 1857 2975 Ο

506 3030 643 3096 flumina
667 3030 855 3126 Babilonisl
890 3051 973 3114 quos
996 3031 1165 3112 religiosos
1194 3031 1369 3093 modernos
1398 3032 1442 3094 ab
1471 3033 1562 3096 abitu
1594 3044 1628 3096 et
1659 3033 1858 3116 professione

507 3152 689 3229 exemistis,
706 3163 739 3216 et
759 3163 890 3216 curatos
913 3150 1123 3216 ecclesiarum
1140 3150 1375 3233 parochialium
1398 3163 1432 3216 et
1449 3155 1623 3237 magistros
1645 3155 1857 3238 hospitalium

507 3284 541 3337 et
564 3272 753 3355 capellanos
776 3272 909 3336 honoris
931 3293 988 3336 seu
1010 3272 1117 3334 verius
1139 3270 1280 3335 horroris
1303 3271 1444 3337 fecistis!
1489 3271 1522 3339 Ο
1538 3275 1675 3340 flumina
1690 3273 1859 3340 Babilonis

508 3391 647 3458 miseral
671 3403 753 3476 quot
773 3415 877 3476 reges
896 3393 1005 3470 duces,
1021 3403 1055 3456 et
1071 3392 1224 3456 dominos
1245 3394 1277 3456 in
1299 3393 1593 3460 ecclesiasticorum
1609 3397 1858 3481 vilipensionem

506 3515 687 3598 irrumpere
711 3515 844 3591 fecistis,
871 3535 911 3577 eo
935 3515 1034 3596 quod,
1061 3514 1104 3576 ad
1132 3533 1245 3576 eorum
1273 3513 1442 3596 placitum,
1471 3516 1642 3600 privilegia
1667 3527 1701 3582 et
1726 3519 1859 3600 dispen-

508 3637 657 3700 saciones
681 3636 902 3718 optinuerunt,
929 3644 963 3698 et
993 3633 1163 3697 licenciam
1187 3635 1359 3698 recedendi
1386 3655 1407 3699 a
1433 3637 1573 3719 propriis
1599 3648 1633 3702 et
1659 3637 1860 3702 immediatis

508 3756 645 3832 curatis;
670 3756 716 3818 ita
741 3766 777 3820 ut
800 3775 888 3837 saepe
908 3753 978 3836 jam
1002 3754 1178 3818 fornicator
1199 3754 1416 3820 fornicantem
1440 3758 1558 3840 quaerit
1578 3758 1806 3838 confessorem,
1825 3769 1860 3823 et

507 3877 646 3941 crimine
672 3897 794 3959 magno
823 3875 967 3939 irretitus
993 3873 1214 3939 confessorem
1242 3877 1359 3939 eodem
1387 3878 1522 3942 crimine
1548 3879 1708 3943 violatum
1734 3880 1862 3963 quaerit,

509 3997 563 4061 vel
585 3997 696 4074 alium,
720 3996 776 4078 qui
798 3996 900 4060 nescit
922 3995 974 4060 vel
998 3997 1053 4078 qui
1077 4014 1143 4059 non
1166 3997 1267 4060 audet
1291 3999 1447 4062 veritates
1470 3999 1669 4064 necessarias
1691 3999 1861 4064 confitenti

510 4117 699 4198 explanare,
721 4137 780 4181 nec
802 4117 964 4181 voluntati
987 4117 1122 4199 indigne
1145 4118 1380 4199 poenitencium
1404 4130 1438 4183 et
1463 4119 1651 4185 satisfacere
1673 4121 1774 4202 digne
1796 4141 1861 4184 non

508 4235 695 4301 volentium
718 4238 959 4318 contradicere;
987 4238 1085 4301 etsie
1108 4237 1208 4302 timor
1227 4238 1348 4302 divinae
1369 4239 1503 4304 offensae
1522 4262 1542 4304 a
1562 4241 1709 4323 pluribus
1730 4239 1863 4306 recessit
