4322 4936
699 417 800 471 LOCI
824 418 855 471 E
882 417 1008 473 LIBRO
1042 418 1300 475 VERITATUM.
1614 421 1673 468 201

325 635 472 700 iecerunt
497 635 575 718 quia
598 635 712 712 bonos,
734 648 874 716 sanctos,
897 647 931 703 et
953 637 1095 703 scientes
1121 638 1343 713 excluserunt,
1366 655 1409 700 ne
1434 643 1545 700 essent
1566 633 1677 716 ponti-

326 756 410 835 fices,
434 777 476 820 ne
497 757 615 840 aliquis
638 779 751 822 eorum
775 759 898 823 ibidem
921 758 1082 842 pontifex,
1107 768 1142 824 et
1164 758 1227 823 hoc
1250 767 1288 823 ut
1309 757 1350 822 lis
1372 755 1551 840 corporalis
1573 754 1677 819 evita-

326 887 423 940 retur.
470 877 565 956 Item,
591 878 791 944 detrimenta
820 880 966 962 pessima
989 878 1137 944 iecerunt
1163 880 1225 945 toti
1256 878 1378 943 diocesi
1406 874 1608 950 Menevensi,
1637 894 1678 938 eo

326 998 416 1079 quod
439 997 541 1061 talem
564 999 756 1082 episcopum
777 1001 825 1065 eis
847 999 990 1064 ordinari
1014 1009 1279 1083 procuraverunt,
1293 999 1350 1082 qui
1374 1017 1434 1063 nec
1456 995 1544 1061 mala
1566 995 1680 1060 debite

325 1119 506 1184 eradicaret
537 1139 597 1184 nec
629 1121 744 1184 debita
775 1143 877 1204 opera
909 1121 1083 1204 plantaret.
1141 1121 1236 1200 Item,
1267 1118 1461 1203 exemplum
1495 1117 1676 1200 pessimum

326 1239 393 1302 suis
423 1241 563 1321 posteris
590 1240 779 1323 relinquunt
809 1253 846 1306 ut
875 1242 1089 1306 consimiliter
1119 1243 1205 1307 male
1233 1242 1378 1307 lacerent
1407 1238 1587 1305 secundum
1618 1258 1678 1300 ex-

325 1359 437 1442 empla
458 1360 613 1442 priorum.

412 1490 449 1558 [p.
474 1489 543 1556 5⁶7]
587 1488 723 1546 Raetos.
779 1483 866 1546 Novi
897 1484 985 1546 enim
1012 1482 1083 1564 jam
1116 1483 1149 1546 in
1180 1482 1318 1547 ecclesia
1346 1481 1446 1546 valde
1474 1479 1617 1544 viciosos
1644 1486 1679 1541 et

326 1600 433 1666 fatuos
454 1623 498 1666 ex
520 1603 692 1667 nativitate
712 1602 863 1676 exaltari,
879 1604 926 1668 ita
941 1606 1031 1686 quod
1053 1625 1136 1668 unus
1156 1604 1258 1668 habet
1279 1613 1408 1686 septem
1427 1601 1623 1684 praebendas
1644 1606 1679 1662 et

328 1741 484 1804 magnum
496 1722 798 1788 archidiaconatum
811 1734 944 1788 centum
960 1725 1124 1803 librarum,
1137 1735 1170 1789 et
1186 1745 1355 1807 nunquam
1367 1743 1426 1806 per
1435 1722 1562 1805 viginta
1573 1737 1679 1784 annos

325 1843 471 1925 aliquam
494 1863 606 1907 earum
629 1844 844 1926 personaliter
863 1845 1029 1924 visitavit3
1060 1846 1119 1909 sed
1142 1866 1226 1909 unus
1247 1846 1304 1925 vir,
1325 1853 1448 1927 nuptus
1470 1852 1505 1907 et
1526 1842 1677 1923 armiger,

327 1965 439 2028 omnia
460 1965 548 2028 bona
568 1965 821 2047 praebendarum
840 1975 874 2030 et
895 1965 1181 2031 archidiaconatus
1204 1965 1291 2030 illius
1311 1963 1484 2030 annuatim
1506 1961 1623 2044 recipit
1643 1968 1678 2024 et

327 2105 440 2149 secum
461 2085 580 2150 retinet
600 2096 634 2150 et
654 2085 756 2150 habet
775 2107 825 2149 xx
842 2087 942 2152 libras
956 2087 1107 2151 annualis
1122 2088 1288 2170 pensionis
1308 2084 1480 2168 apraesato
1496 2082 1618 2160 stult03
1643 2089 1679 2145 et

326 2207 410 2270 alius
433 2208 587 2273 secularis
609 2207 711 2271 habet
734 2230 759 2272 x
782 2209 891 2285 libras,
908 2218 942 2274 et
962 2208 1045 2272 alius
1067 2208 1222 2272 secularis
1243 2207 1346 2272 habet
1365 2228 1391 2270 x
1413 2205 1522 2283 libras,
1537 2213 1571 2268 et
1593 2202 1679 2267 alius

326 2328 478 2393 secularis
490 2351 515 2392 x
528 2330 635 2407 libras,
648 2339 682 2394 et
693 2329 776 2393 alius
788 2331 975 2395 mundanus
990 2341 1124 2395 centum
1140 2330 1280 2408 solidos3
1297 2339 1331 2393 et
1346 2329 1416 2412 ipse
1431 2325 1559 2391 nullum
1574 2325 1678 2388 dena-

328 2450 411 2513 rium
427 2449 537 2530 habet,
553 2452 614 2514 nisi
633 2452 815 2515 secundum
831 2451 1038 2517 voluntatem
1051 2453 1198 2535 praedicti
1213 2450 1376 2529 secularis,
1392 2449 1448 2533 qui
1463 2447 1576 2512 omnia
1589 2447 1679 2510 bona

326 2571 454 2654 praefati
477 2572 696 2636 archidiaconi
727 2573 849 2655 recipit,
873 2583 908 2637 et
937 2573 1045 2655 ipsum
1069 2572 1337 2637 archidiaconum
1363 2569 1516 2635 exhibuit
1542 2588 1601 2650 per
1626 2587 1678 2629 xx

327 2713 432 2756 annos
450 2693 483 2756 in
503 2694 605 2756 domo
627 2693 762 2757 alterius
776 2695 819 2757 ad
842 2715 1035 2757 communas
1058 2693 1293 2757 ebdomadales
1309 2690 1402 2774 xvj⁶3
1426 2700 1459 2755 et
1480 2689 1599 2767 audivi,
1615 2707 1679 2770 ego

327 2813 444 2877 doctor
458 2823 491 2877 et
507 2813 671 2896 professor
686 2834 786 2877 sacrae
802 2814 941 2896 paginas,
958 2814 1100 2877 cundem
1117 2814 1383 2879 archidiaconum
1399 2813 1574 2886 dicentem,
1590 2829 1678 2874 anno

329 2934 464 2997 Domini
485 2952 586 3013 1440:
610 2936 705 2998 ‘Non
729 2955 806 2999 curo
826 2936 868 2998 de
889 2934 1087 3013 clerimonia,
1104 2956 1167 3018 ego
1187 2936 1275 3000 enim
1299 2933 1426 3017 majora
1447 2933 1556 2997 habeo
1577 2949 1677 3014 quam

330 3056 440 3138 magni
470 3057 630 3135 doctores,
660 3067 694 3120 et
724 3077 787 3139 ego
817 3057 915 3120 credo
948 3057 995 3120 ita
1024 3056 1110 3120 bene
1142 3056 1226 3120 sicut
1259 3055 1327 3135 illi3
1365 3056 1464 3120 credo
1493 3052 1581 3117 enim
1611 3061 1678 3115 tres

330 3177 420 3242 Deos
445 3200 517 3244 esse
543 3179 576 3242 in
599 3199 665 3242 una
688 3198 835 3261 persona,
857 3187 892 3242 et
917 3178 1018 3242 credo
1044 3178 1201 3260 quicquid
1226 3179 1318 3242 Deus
1342 3175 1466 3242 credit.'
1512 3175 1598 3238 Haec
1619 3171 1678 3236 ab·

328 3301 427 3363 surda
449 3320 523 3382 ego,
540 3297 761 3364 Cancellarius
778 3299 930 3377 Oxoniae,
948 3298 1058 3362 audivi
1081 3299 1296 3380 personaliter
1317 3298 1360 3362 ab
1383 3318 1439 3362 ore
1461 3295 1541 3378 ejus.
1586 3293 1678 3356 Deus

329 3421 390 3485 scit
412 3421 501 3502 quod
523 3441 589 3484 non
612 3419 767 3484 mencior.
811 3419 857 3483 Et
879 3430 951 3485 tum
975 3439 1038 3501 ego
1061 3419 1136 3482 novi
1159 3421 1249 3501 quod
1269 3419 1340 3502 jam
1362 3419 1395 3482 in
1415 3417 1526 3482 studio
1549 3412 1678 3480 Oxoni-

328 3541 399 3604 ensi
428 3542 520 3605 stetit
552 3561 636 3605 unus
665 3540 791 3616 doctor,
822 3539 998 3623 theologus
1031 3540 1064 3602 in
1095 3540 1230 3605 Oxonia
1259 3539 1344 3604 ultra
1373 3538 1468 3620 xxiiij
1499 3556 1613 3612 annos,
1643 3542 1678 3598 et

329 3661 391 3725 suit
421 3682 537 3745 regens
567 3663 600 3725 in
631 3681 723 3726 sacra
746 3659 930 3744 Theologia
960 3681 1019 3744 per
1048 3680 1153 3724 annos
1177 3659 1224 3742 xij
1257 3660 1389 3734 ibidem,
1414 3667 1449 3722 et
1477 3666 1596 3741 postea
1627 3654 1679 3718 bis

329 3781 543 3846 cancellarius
570 3781 714 3847 Oxoniae
740 3790 775 3845 et
797 3790 848 3844 ter
872 3781 916 3844 ibi
941 3780 1065 3846 electus
1089 3781 1123 3843 in
1147 3779 1228 3844 illud
1254 3780 1406 3853 officium,
1431 3787 1465 3842 et
1491 3775 1613 3841 creavit
1636 3785 1678 3858 35

327 3903 482 3967 doctores
510 3923 611 3966 sacrae
640 3902 779 3985 paginae,
809 3909 844 3965 et
873 3910 994 3980 tamen,
1016 3921 1037 3964 a
1059 3900 1217 3983 principio
1247 3900 1361 3964 mundi
1392 3918 1496 3980 usque
1525 3898 1559 3961 in
1588 3896 1678 3960 diem

329 4023 562 4106 resignacionis
582 4023 661 4087 dicti
681 4021 941 4097 cancellariatus,
957 4042 1125 4104 nunquam
1145 4021 1263 4105 aliquis
1284 4023 1464 4104 episcopus,
1480 4039 1541 4083 nec
1563 4018 1677 4094 abbas,

331 4164 391 4208 nec
420 4145 539 4227 aliquis
568 4143 768 4226 temporalis,
792 4143 914 4226 optulit
943 4144 1005 4207 sibi
1034 4144 1180 4226 aliquam
1205 4143 1376 4208 ecclesiam
1405 4161 1482 4207 cum
1510 4160 1588 4205 cura
1617 4157 1678 4202 nec

330 4265 401 4329 sine
423 4286 500 4331 cura
519 4266 713 4343 animarum,
731 4285 791 4330 nec
811 4265 1035 4347 praebendam,
1053 4285 1115 4329 nec
1137 4265 1309 4348 capellam,
1324 4272 1466 4347 excepto
1486 4281 1554 4326 uno
1575 4259 1678 4324 milite

972 4380 997 4429 n
1013 4367 1035 4431 d
