4338 4936
710 408 807 464 LOCI
833 409 863 461 E
892 409 1016 462 LIBRO
1052 407 1310 462 VERITATUM.
1643 408 1683 466 4¹

338 615 452 680 dotem
476 619 508 682 in
532 639 642 684 curam
666 623 859 701 animarum,
875 622 1007 687 ‘Trado
1028 623 1088 687 tibi
1111 641 1223 686 curam
1237 622 1429 692 animarum.
1446 616 1530 680 sicut
1553 631 1687 695 respon-

337 735 431 800 debis
457 759 518 821 pro
542 743 588 804 eis
619 751 653 806 et
678 764 737 826 pro
764 764 819 808 me
843 763 955 808 coram
980 740 1072 808 Deo.’
1118 743 1281 808 Sacerdos
1304 740 1468 805 admissus
1497 737 1540 802 ad
1573 751 1686 799 curam

337 857 519 922 animarum
543 863 754 944 respondebit
780 885 840 946 pro
866 864 929 928 illis
955 885 1007 943 an,
1031 883 1074 928 sc.
1105 863 1183 928 secit
1205 884 1279 945 quae
1300 882 1386 926 curae
1412 879 1480 922 suae
1505 853 1630 932 debuit,
1653 859 1687 915 et

338 981 550 1060 respondebit
565 1003 626 1064 pro
645 983 799 1066 episcopo
821 1005 872 1062 an,
887 1005 931 1048 sc.
955 984 1032 1049 iecit
1053 985 1086 1047 in
1107 1004 1185 1049 cura
1204 1004 1281 1067 quae
1300 982 1474 1065 episcopus
1494 998 1560 1041 non
1578 973 1688 1058 potuit

337 1096 445 1163 iacere
467 1121 526 1183 per
547 1103 690 1185 seipsum
712 1125 771 1188 per
792 1106 993 1170 cotidianam
1013 1125 1135 1180 curam,
1159 1114 1193 1168 et
1215 1101 1428 1186 respondebit
1450 1119 1509 1183 pro
1532 1095 1688 1180 episcopo

337 1238 382 1282 an
409 1219 488 1285 iecit
515 1242 590 1305 quae
620 1224 794 1308 episcopus
822 1227 851 1290 ei
882 1236 970 1290 recte
999 1225 1157 1308 praecepit
1189 1235 1350 1306 tanquam
1375 1216 1579 1303 cooperatori
1611 1233 1687 1278 cum

337 1338 501 1423 episcopo.
547 1343 732 1428 Episcopus
754 1356 877 1424 tamen,
895 1346 1171 1430 superintendens
1193 1365 1280 1409 curae
1302 1343 1408 1408 tocius
1430 1360 1500 1404 suoe
1522 1333 1687 1421 parochiae

337 1479 395 1522 seu
418 1461 558 1528 diocesis
579 1485 658 1541 suae,
679 1468 890 1550 respondebit
912 1487 1022 1531 coram
1046 1467 1121 1531 Deo
1143 1487 1203 1550 pro
1225 1487 1261 1530 se
1281 1474 1316 1530 et
1336 1485 1397 1548 pro
1417 1461 1539 1526 diocesi
1563 1478 1631 1535 sua,
1653 1465 1687 1520 et

337 1581 415 1662 quia
432 1592 566 1649 aetatem
589 1586 691 1651 habet
712 1589 924 1671 respondebit
947 1608 1007 1670 pro
1029 1609 1065 1653 se
1088 1599 1122 1653 et
1145 1609 1205 1671 pro
1227 1597 1322 1670 parte
1342 1607 1402 1650 sua
1423 1594 1457 1648 et
1477 1602 1537 1666 pro
1559 1577 1687 1643 actibus

336 1722 485 1784 personae
500 1725 570 1768 suae
584 1709 834 1790 pertinentibus.
869 1709 1004 1792 Ungere
1019 1710 1107 1773 enim
1122 1729 1242 1792 pucros
1258 1718 1292 1772 et
1307 1706 1511 1778 confirmare,
1524 1710 1557 1766 et
1569 1699 1686 1774 dicere,

336 1821 510 1890 ‘Admitto
529 1827 632 1892 talem
645 1830 751 1893 virum
774 1831 808 1894 in
830 1851 941 1895 curam
957 1828 1160 1908 animarum,’
1175 1839 1226 1895 est
1245 1850 1330 1913 opus
1344 1827 1439 1892 facile
1454 1845 1514 1920 nec
1530 1839 1686 1904 magnam

336 1946 469 2026 requirit
485 1949 640 2013 noticiam
663 1972 724 2016 nec
747 1952 931 2029 scienciam,
946 1952 1004 2016 sed
1028 1973 1129 2034 opera
1145 1972 1222 2015 vera
1244 1950 1389 2034 episcopi
1411 1965 1565 2028 magnam
1582 1941 1687 2006 scien-

336 2066 420 2129 ciam
455 2078 488 2133 et
521 2071 624 2135 vitam
654 2083 804 2137 sanctam
838 2074 986 2157 exigunt,
1020 2073 1179 2137 veraciter
1211 2073 1298 2137 enim
1330 2072 1439 2135 dicere
1473 2066 1554 2132 talia
1586 2061 1686 2128 verba

337 2189 474 2271 requirit
494 2192 639 2275 graciam
662 2203 697 2258 et
717 2193 904 2259 scienciam.

422 2320 460 2389 [p.
476 2320 550 2386 404]
579 2312 681 2378 Anno
697 2313 833 2378 Domini
851 2322 949 2396 1449⁰
961 2315 1151 2398 praedicavit
1167 2315 1373 2398 Reginaldus
1388 2311 1498 2377 Pecok
1513 2308 1686 2392 episcopus

334 2429 541 2512 Assavensis,
563 2444 598 2498 et
619 2445 744 2518 postea,
768 2457 828 2518 per
848 2437 959 2501 media
974 2436 1131 2501 Willelmi
1156 2437 1235 2501 Pule
1261 2438 1355 2502 ducis
1378 2431 1579 2506 Suthiolciae,
1601 2426 1686 2509 epis·

335 2573 438 2636 copus
455 2553 673 2630 Cisestrensis,
691 2558 881 2640 praedicavit
897 2555 968 2643 (sic)
985 2558 1178 2635 Londoniae,
1194 2560 1286 2642 quod
1307 2557 1460 2641 episcopi,
1475 2555 1509 2618 in
1524 2559 1685 2634 quantum

335 2674 491 2758 episcopi,
515 2697 580 2740 non
611 2687 765 2743 tenentur
788 2678 974 2761 praedicare,
1000 2689 1033 2743 et
1063 2679 1136 2744 aliis
1166 2681 1329 2763 episcopis
1357 2679 1390 2741 in
1415 2677 1480 2741 hoc
1505 2671 1687 2756 saepissime

336 2794 522 2860 faventibus
545 2807 578 2861 et
600 2798 784 2862 dicentibus
805 2800 1002 2882 pompatice,
1023 2801 1113 2865 ‘Iste
1132 2801 1299 2865 excellens
1313 2799 1449 2864 clericus
1464 2806 1498 2861 et
1513 2794 1687 2878 episcopus

335 2915 491 2981 desendet
508 2937 608 2999 opera
623 2939 698 3000 quae
719 2939 780 2982 nos
801 2919 945 3002 episcopi
966 2917 1144 3001 facimus3'
1166 2941 1248 2985 mox
1270 2921 1305 2984 in
1325 2919 1440 2984 odium
1464 2915 1571 2980 tocius
1593 2909 1685 2993 regni

335 3036 470 3100 deducti
492 3047 569 3101 sunt
592 3038 747 3122 episcopi,
768 3039 923 3103 omnibus
949 3040 1016 3104 iere
1041 3041 1184 3106 statibus
1209 3050 1243 3106 et
1271 3040 1418 3125 personis
1444 3032 1685 3102 clamantibus:

335 3153 415 3220 ‘Vae
435 3155 614 3241 episcopis!
637 3159 693 3242 qui
711 3160 867 3236 ditantur,
883 3161 939 3243 qui
954 3161 1071 3226 volunt
1084 3163 1193 3226 vocari
1209 3162 1343 3237 domini,
1360 3171 1394 3224 et
1408 3171 1446 3224 ut
1465 3159 1513 3222 eis
1526 3154 1686 3219 serviatur

335 3278 474 3359 genibus
489 3277 593 3354 flexis,
610 3289 644 3342 et
659 3279 808 3361 equitant
823 3301 898 3344 curn
914 3291 965 3346 tot
981 3293 1015 3346 et
1035 3292 1087 3347 tot
1107 3284 1279 3366 pomposis
1292 3283 1392 3365 equis,
1407 3289 1442 3345 et
1456 3275 1556 3342 nichil
1569 3273 1686 3338 volunt

335 3397 443 3462 iacere
457 3399 668 3481 praedicando
683 3400 820 3464 verbum
835 3421 895 3484 pro
910 3401 1018 3466 salute
1032 3404 1236 3482 animarum
1258 3413 1318 3467 aut
1332 3402 1420 3466 enim
1438 3401 1587 3464 nesciunt
1601 3419 1686 3482 prae-

335 3518 445 3584 dicare
467 3518 622 3602 episcopi,
642 3531 702 3585 aut
723 3542 790 3585 non
813 3531 953 3604 possunt
972 3524 1161 3606 praedicare,
1182 3523 1325 3606 negociis
1347 3521 1458 3586 saeculi
1480 3529 1539 3584 aut
1560 3519 1686 3584 deliciis

334 3639 480 3723 corporis
503 3641 661 3723 impediti,
683 3651 742 3706 aut
763 3643 840 3725 quia
862 3663 929 3706 non
951 3654 1090 3726 possunt
1111 3663 1186 3708 vere
1208 3643 1395 3725 praedicare,
1418 3641 1478 3705 nisi
1504 3640 1685 3725 praedicent

335 3759 391 3823 illa
405 3759 493 3823 mala
508 3760 541 3823 in
560 3761 680 3843 quibus
694 3761 747 3826 vel
762 3783 822 3845 pro
838 3764 958 3846 quibus
980 3763 1042 3846 ipsi
1063 3763 1209 3847 episcopi
1224 3772 1301 3827 sunt
1322 3763 1377 3840 rei,
1392 3782 1452 3826 nec
1475 3761 1563 3824 bona
1584 3780 1685 3842 opera

335 3881 525 3962 praedicant,
555 3901 630 3964 quae
663 3883 809 3966 episcopi
842 3903 909 3947 non
947 3883 1080 3962 iaciunt,
1110 3884 1170 3948 sed
1207 3883 1386 3966 negligunt,
1416 3893 1450 3945 et
1486 3880 1566 3944 talia
1597 3880 1685 3944 bona

334 4012 508 4084 operantes
533 4002 693 4080 derident,
717 4002 771 4067 vel
800 4024 868 4068 non
893 4001 1096 4088 ponderant.’
1151 4004 1236 4069 Haec
1261 4003 1324 4068 luit
1346 4023 1414 4066 vox
1443 4001 1628 4067 communis
1651 4001 1685 4064 in

333 4121 459 4186 clericis
481 4132 516 4187 et
538 4122 572 4184 in
594 4122 717 4206 populo
739 4123 782 4187 de
804 4125 974 4208 episcopis,
991 4125 1081 4189 etde
1096 4125 1150 4190 die
1168 4125 1201 4187 in
1216 4124 1305 4188 diem
1323 4131 1534 4188 surrexerunt
1552 4120 1684 4204 plurimi

334 4241 369 4306 in
394 4242 538 4326 populo;
572 4253 607 4308 et
631 4243 821 4310 occiderunt
850 4246 1039 4328 episcopum
1068 4245 1317 4324 cicestrensem,
1342 4242 1456 4308 Adam
1484 4241 1622 4319 Molens,
1650 4251 1684 4314 et

997 4365 1020 4411 u·
