4338 4936
485 371 527 449 48
861 383 959 438 LOCI
985 383 1014 436 E
1043 385 1167 438 LIBRO
1202 385 1459 441 VERITATUM.

487 597 548 661 suit
582 617 647 662 non
678 597 784 662 sciens
813 599 955 679 scienda,
983 619 1042 663 nec
1072 600 1253 683 graduatus
1282 600 1393 683 aliquo
1421 602 1527 683 gradu
1559 602 1591 664 in
1616 602 1833 678 universitate,

486 719 543 800 qui
566 718 664 782 valde
689 720 829 802 cupidus
854 730 888 784 et
914 720 1074 804 insipidus
1101 722 1326 804 reputabatur.
1371 721 1417 785 Et
1442 723 1520 806 quia
1546 722 1681 787 ecclesia
1708 723 1834 787 Ebora·

486 839 592 902 censis
614 860 681 903 non
699 840 804 905 voluit
828 841 971 923 recipere
994 842 1027 905 in
1050 862 1146 904 suum
1168 842 1330 906 decanum
1352 843 1548 924 praedictum
1572 843 1752 908 Ricardum
1777 864 1836 927 per

486 979 608 1041 papam
631 961 806 1043 provisum,
828 963 886 1026 sed
909 961 1113 1026 Willelmum
1138 961 1373 1045 Bernyngham
1395 983 1454 1044 per
1476 963 1659 1046 capitulum
1682 965 1833 1037 electum,

486 1079 561 1144 ideo
591 1081 768 1163 praedictus
791 1081 953 1147 Ricardus
979 1104 1039 1166 per
1068 1084 1221 1166 pecunias
1245 1083 1389 1146 Romam
1413 1083 1529 1147 missas
1558 1085 1700 1167 optinuit
1731 1084 1833 1148 eccle-

485 1201 567 1264 siam
584 1201 829 1268 Eboracensem
850 1203 1072 1268 cathedralem
1093 1225 1153 1287 per
1174 1203 1284 1286 plures
1306 1203 1506 1286 septimanas
1527 1225 1548 1268 a
1568 1225 1655 1300 papa
1671 1204 1834 1270 Nicholao

485 1322 601 1404 quinto
630 1323 787 1406 suspendi
817 1327 840 1390 a
863 1323 981 1388 divinis
1010 1325 1163 1389 omnibus
1192 1324 1314 1402 officiis,
1344 1334 1377 1387 et
1412 1345 1527 1389 omnes
1561 1325 1631 1407 ejus
1668 1327 1834 1390 ministros

485 1432 774 1523 excommunicari,
797 1455 831 1509 et
853 1445 899 1510 sic
921 1443 1046 1510 factum
1071 1445 1134 1510 suit
1160 1466 1219 1529 per
1244 1445 1445 1508 sentenciam
1470 1445 1679 1510 soli-Deus
1705 1448 1767 1512 scit
1790 1467 1832 1511 an

484 1563 652 1628 sentencia
672 1565 740 1647 poli
761 1586 818 1628 seu
840 1564 915 1630 coeli
930 1575 1018 1644 ;—et
1041 1565 1088 1629 sic
1112 1574 1278 1648 ponuntur
1297 1567 1330 1628 in
1352 1566 1488 1630 ecclesia
1507 1575 1540 1629 et
1563 1567 1596 1629 in
1619 1567 1743 1650 populo
1768 1568 1832 1631 Dei

485 1682 621 1748 festucae
651 1706 717 1749 non
747 1685 940 1768 columpnae,
973 1687 994 1750 i.
1006 1707 1034 1750 e.
1064 1686 1156 1769 pueri
1186 1685 1357 1760 inhabiles,
1387 1695 1421 1749 et
1447 1686 1572 1766 ribaldi,
1597 1697 1630 1751 et
1656 1688 1775 1766 viciosi,
1798 1699 1833 1752 et

484 1804 658 1870 inscientes
680 1826 781 1890 opera
804 1828 863 1890 pro
880 1807 956 1871 Deo
976 1807 1094 1882 fienda,
1110 1807 1224 1889 quales
1247 1807 1417 1870 constituit
1440 1827 1500 1870 rex
1517 1807 1618 1871 Israel
1640 1809 1832 1873 maledictus

483 1945 504 1988 a
527 1926 602 1990 Deo
623 1927 811 2008 Jeroboam,
835 1938 870 1992 et
892 1926 1088 2009 dejiciuntur
1111 1927 1153 1990 ab
1178 1926 1322 1992 ecclesiis
1346 1937 1380 1991 et
1405 1927 1529 2005 officiis,
1556 1929 1611 2011 qui
1639 1929 1744 1993 sciunt
1768 1929 1831 1992 Dei

482 2048 636 2129 graciam,
663 2057 697 2112 et
720 2047 837 2112 volunt
862 2047 1025 2113 aedificare
1053 2048 1155 2130 Syon,
1182 2049 1202 2111 i.
1213 2069 1240 2112 e.
1268 2049 1439 2113 ecclesiam
1468 2069 1533 2113 non
1560 2051 1594 2112 in
1618 2051 1831 2133 sanguinibus

482 2178 517 2232 et
536 2169 569 2232 in
589 2169 744 2252 peccatis.
790 2166 857 2232 Sed
880 2169 957 2250 quia
975 2169 1111 2232 diversae
1132 2167 1278 2233 ecclesiae
1297 2170 1329 2233 in
1345 2169 1470 2254 Anglia
1490 2170 1614 2234 habent
1634 2171 1727 2254 plura
1744 2171 1832 2235 bona

482 2289 530 2353 eis
555 2309 687 2354 annexa
712 2299 747 2354 et
775 2288 936 2352 habentes
965 2288 1038 2352 illas
1068 2287 1221 2354 ecclesias
1247 2291 1493 2373 consequenda,
1521 2291 1596 2355 ideo
1625 2312 1691 2356 non
1716 2292 1831 2375 volunt

482 2410 612 2493 patroni
640 2419 673 2474 et
700 2409 844 2492 episcopi
875 2407 1020 2473 conferre
1050 2408 1131 2473 talia
1155 2409 1315 2474 beneficia
1345 2412 1405 2474 nisi
1432 2411 1495 2474 illis
1520 2433 1604 2494 quos
1634 2411 1831 2476 arbitrantur

483 2529 677 2613 obsequium
707 2539 864 2612 praestare
894 2528 958 2592 illis
988 2531 1168 2594 secundum
1195 2530 1350 2594 affectum
1381 2551 1493 2595 eorum
1523 2532 1688 2596 carnalem
1718 2533 1830 2615 pocius

483 2671 585 2733 quarn
608 2649 664 2714 ille
686 2649 742 2733 qui
766 2650 828 2714 scit
851 2659 885 2714 et
906 2649 977 2714 vult
1001 2649 1196 2733 obsequium
1218 2651 1366 2715 debitum
1390 2661 1545 2734 praestare
1569 2653 1651 2717 De0.

543 2779 608 2847 ·[p.
626 2779 696 2847 4²3]
743 2769 780 2835 Si
806 2771 853 2834 ita
877 2769 966 2835 dicat
992 2771 1109 2834 beatus
1133 2769 1254 2834 Paulus
1282 2769 1451 2854 apostolus
1476 2771 1674 2852 Timotheo;
1710 2774 1830 2856 quibus

481 2891 591 2974 poenis
605 2890 768 2974 affligetur
782 2912 893 2955 coram
910 2890 985 2955 Deo
1001 2891 1055 2954 ilie
1073 2891 1254 2974 episcopus,
1270 2892 1325 2974 qui
1341 2892 1514 2955 Londiniis
1527 2894 1684 2977 praedicat
1698 2894 1830 2977 puplice

482 3011 572 3095 quod
599 3011 745 3095 episcopi
775 3032 842 3075 non
868 3021 1022 3076 tenentur
1050 3012 1236 3094 praedicare,
1261 3020 1295 3075 et
1317 3019 1433 3094 postea
1456 3014 1543 3076 dixit
1569 3015 1659 3096 quod
1683 3014 1828 3097 episcopi

479 3141 635 3197 tenentur
663 3133 851 3215 praedicare,
874 3133 933 3197 sed
960 3153 1026 3196 non
1056 3141 1209 3197 tenentur
1237 3133 1384 3215 accipere
1409 3132 1532 3209 thema,
1555 3144 1588 3198 et
1615 3133 1720 3198 iacere
1746 3135 1828 3198 divi·

479 3253 616 3332 sionem,
639 3263 676 3318 ut
700 3253 771 3337 ipse
796 3251 906 3318 dixit?
939 3253 996 3317 Ex
1018 3253 1148 3337 scriptis
1175 3262 1209 3316 et
1230 3253 1326 3317 dictis
1348 3252 1434 3316 illius
1460 3254 1605 3338 episcopi
1634 3275 1699 3318 non
1729 3256 1827 3319 credo

479 3373 569 3457 quod
591 3373 681 3438 bona
702 3373 913 3457 pullulabunt
934 3374 993 3438 sed
1021 3373 1109 3436 mala
1138 3373 1172 3436 in
1197 3373 1343 3456 pluribus
1373 3374 1501 3438 actibus
1527 3375 1695 3438 et'verbis
1720 3375 1827 3439 homi-

477 3513 568 3572 num,
584 3495 641 3576 qui
660 3493 707 3558 sic
728 3503 843 3559 contra
863 3493 1003 3558 salutern
1021 3494 1206 3558 animarum
1226 3494 1417 3576 praedicavit
1435 3493 1617 3558 Londoniis
1638 3495 1681 3558 ad
1697 3516 1825 3560 crucem

478 3611 593 3679 Sancti
617 3613 709 3677 Pauli
733 3615 818 3678 circa
839 3634 964 3678 annum
987 3613 1122 3678 Domini
1145 3625 1237 3694 1445.

566 3743 605 3811 [p.
619 3743 692 3810 4²4]
736 3734 839 3799 Anno
854 3735 942 3800 enim
960 3735 1095 3799 Domini
1114 3735 1206 3818 1456,
1222 3731 1370 3822 (quando
1389 3755 1511 3818 magna
1524 3736 1660 3800 victoria
1682 3736 1745 3799 Dei
1765 3735 1827 3801 suit

476 3864 610 3919 ostensa
635 3831 750 3921 contra
773 3857 899 3921 Turcos
922 3877 1072 3940 paganos
1103 3856 1136 3919 in
1162 3857 1275 3940 paucis
1298 3856 1430 3920 Xtianis
1456 3865 1571 3920 contra
1594 3877 1651 3920 eos
1676 3877 1825 3939 pugnan-

423 3965 427 3976 '
476 3976 575 4056 tibus,
598 3977 714 4042 occisis
740 3977 783 4042 de
807 3978 946 4062 paganis
971 3985 1105 4042 centum
1132 3976 1264 4040 milibus
1290 3986 1324 4042 et
1350 3973 1611 4063 quinquaginta)
1634 3997 1694 4041 nec
1721 3977 1825 4041 archi-

477 4095 652 4180 episcopus
673 4096 807 4181 Angliae
829 4100 951 4183 primas
972 4095 1121 4162 Thomas
1145 4097 1317 4175 Bourcher‚
1340 4118 1399 4162 nec
1426 4097 1481 4161 alii
1508 4097 1653 4180 episcopi
1679 4097 1825 4162 iecerunt

478 4227 573 4282 actus
597 4217 737 4301 puplicae
760 4218 877 4299 laudis,
897 4241 957 4286 nec
984 4219 1208 4304 processiones
1229 4219 1272 4284 ad
1297 4218 1359 4282 Dei
1382 4239 1481 4302 opera
1504 4217 1699 4286 miraculosa
1720 4219 1824 4284 mani·
