4378 4936
754 411 853 467 LOCI
878 412 908 465 E
936 411 1061 467 LIBRO
1096 412 1355 470 VERITATUM.
1678 427 1739 493 119

381 623 505 707 populi,
529 645 587 688 seu
604 623 648 687 ad
671 623 815 687 officium
837 623 870 687 in
893 623 1026 706 populo,
1053 633 1086 688 et
1109 645 1182 688 reus
1209 633 1259 688 est
1281 625 1386 689 eciam
1413 635 1447 691 et
1471 627 1602 692 debitor
1625 647 1736 692 coram

381 745 457 809 Deo
487 747 635 810 omnium
666 745 829 809 bonorum
863 756 1008 824 actuum,
1037 746 1094 829 qui
1130 767 1175 810 ex
1204 746 1319 810 debito
1353 747 1387 810 in
1422 747 1479 811 illo
1511 749 1619 814 officio
1648 749 1737 814 lacta

380 865 527 946 luissent,
550 869 577 931 si
600 867 815 931 sufficientem
838 886 1015 950 personam
1039 886 1115 930 cum
1139 867 1252 930 debita
1279 867 1466 932 intencione
1489 871 1523 934 in
1547 869 1604 933 illo
1628 871 1737 934 officio

380 988 567 1052 ordinasset
589 1010 648 1053 seu
669 989 810 1053 ordinari
835 989 1018 1053 laborasset
1041 1035 1049 1049 .
1073 1037 1081 1052 .
1106 1035 1113 1050 .
1136 1036 1145 1052 .
1167 988 1286 1069 Nuper
1305 989 1392 1052 enim
1414 1011 1498 1053 unus
1519 991 1736 1074 episcopellus

380 1108 469 1173 dixit
495 1111 528 1172 in
554 1110 759 1175 consessione
781 1111 837 1172 uni
861 1130 983 1192 magno
1009 1110 1183 1191 peccatori,
1206 1109 1259 1173 cui
1284 1110 1460 1174 videbatur
1481 1113 1571 1193 quod
1598 1110 1736 1175 horribi-

380 1229 504 1294 lissime
523 1233 680 1314 peccavit,
702 1231 775 1293 ‘Da
795 1227 913 1308 michi,'
933 1230 1048 1313 inquit,
1063 1228 1118 1292 ‘xl
1139 1229 1272 1310 solidos,
1288 1239 1323 1294 et
1344 1231 1490 1296 animam
1514 1253 1624 1296 meam
1647 1253 1736 1316 pono

380 1370 441 1433 pro
461 1351 573 1415 animo
594 1361 652 1415 tuo
673 1371 784 1416 coram
805 1347 901 1413 Deo’
947 1350 1068 1414 Merito
1089 1351 1119 1414 ei
1139 1351 1267 1416 dicetur
1284 1372 1305 1415 a
1321 1350 1405 1431 De0,
1421 1351 1644 1435 ‘Sanguinem
1665 1353 1737 1436 ejus

379 1472 423 1534 de
444 1491 543 1534 manu
559 1482 618 1536 tua
637 1457 819 1554 requiram.'
835 1521 842 1535 .
860 1519 868 1534 .
883 1520 892 1536 .
908 1520 916 1536 .
933 1470 964 1535 Ο
982 1471 1127 1535 Domine
1143 1471 1253 1536 Deus!
1277 1471 1423 1536 concede
1443 1482 1481 1536 ut
1500 1474 1639 1538 vicarius
1659 1484 1736 1540 tuus

380 1610 468 1674 papa
494 1593 668 1656 Romanus
694 1592 783 1655 dicat
812 1590 877 1654 illis
906 1591 1143 1673 peccatoribus,
1169 1593 1225 1675 qui
1256 1594 1396 1656 credunt
1425 1593 1515 1657 nulla
1545 1595 1597 1658 vel
1628 1616 1736 1678 pauca

379 1713 499 1794 requiri
525 1713 578 1776 vel
604 1713 694 1794 exigi
720 1712 763 1776 ad
791 1711 1034 1794 indulgenciam
1060 1711 1260 1790 habendam,
1286 1713 1347 1776 nisi
1373 1714 1538 1792 daciones,
1563 1714 1617 1778 vel
1642 1716 1736 1781 obla·

378 1833 491 1895 ciones
515 1833 673 1915 pecuniae,
699 1833 752 1896 vel
779 1846 971 1910 munerum3
1000 1833 1141 1914 pecunia
1167 1841 1277 1896 vestra
1301 1833 1473 1897 vobiscum
1498 1835 1543 1899 sit
1568 1835 1602 1898 in
1627 1838 1736 1919 perdi·

379 1953 519 2029 cionem,
549 1954 570 2016 i.
581 1974 609 2017 e.
640 1973 715 2018 cum
745 1953 949 2036 obligatione
979 1974 1046 2036 qua
1072 1952 1144 2035 jam
1174 1953 1312 2036 obligati
1344 1955 1423 2018 estis
1452 1963 1563 2018 corani
1590 1956 1665 2020 Deo
1691 1959 1735 2022 ad

378 2093 514 2155 poenam
537 2085 695 2139 aetemam
718 2075 796 2157 quia
818 2074 1036 2138 existimastis
1057 2075 1183 2138 donum
1207 2075 1280 2154 Dei,
1304 2095 1462 2157 magnum
1487 2086 1521 2141 et
1543 2077 1735 2159 perlectum,

377 2214 439 2276 per
460 2195 635 2277 pecuniam
657 2195 771 2258 haberi
795 2204 828 2259 et
852 2194 1001 2259 conferri.

464 2324 505 2392 [p.
529 2324 598 2390 581]
645 2316 741 2380 Heul
769 2316 846 2398 quia
867 2315 938 2398 jam
962 2326 1116 2398 quaerunt
1139 2315 1292 2381 homines
1313 2315 1438 2381 habere
1461 2327 1496 2381 et
1518 2317 1662 2401 recipere
1687 2319 1736 2382 in·

377 2436 570 2518 dulgencias
590 2457 612 2500 a
635 2437 709 2500 Deo
732 2457 791 2520 per
813 2437 923 2500 media
949 2447 983 2501 et
1005 2457 1107 2519 opera
1129 2437 1207 2501 vilia
1230 2446 1264 2501 et
1287 2437 1404 2513 facilia,
1428 2458 1503 2521 quae
1525 2438 1627 2502 homo
1649 2460 1734 2522 prae·

377 2557 459 2639 cipit
483 2567 518 2621 et
544 2558 706 2634 concedit,
729 2558 844 2640 pocius
870 2578 971 2640 quam
998 2578 1059 2640 per
1083 2557 1141 2623 illa
1167 2578 1268 2643 opera
1293 2578 1369 2640 quae
1395 2558 1489 2622 Deus
1514 2561 1673 2643 praecipit,
1700 2571 1735 2626 et

378 2699 453 2760 quae
477 2679 564 2742 racio
587 2689 621 2743 et
641 2680 801 2761 scriptura
822 2679 910 2742 bona
931 2700 1004 2742 esse
1025 2679 1182 2755 ostendit,
1203 2699 1248 2743 sc.
1266 2699 1326 2761 per
1343 2678 1515 2759 biberium,
1535 2701 1593 2743 seu
1616 2691 1734 2763 potum

378 2797 534 2862 haustum
558 2801 602 2862 ab
626 2820 693 2863 uno
719 2799 826 2881 cipho,
850 2801 892 2862 de
915 2819 981 2882 quo
1002 2798 1155 2862 homines
1182 2800 1228 2862 sic
1254 2798 1382 2874 bibunt,
1406 2800 1495 2882 quod
1524 2801 1734 2880 inebriantur,

378 2928 535 3001 putantes
558 2940 594 2982 se
616 2920 792 3002 perillum
815 2920 972 2983 haustum
994 2921 1124 2983 veniam
1148 2919 1282 3002 plenam
1305 2918 1427 2984 habere
1449 2941 1470 2983 a
1492 2921 1567 2984 Deo
1590 2922 1733 3003 plurium

379 3039 540 3105 malorum
572 3049 606 3104 et
636 3059 843 3123 magnorum.
888 3041 1014 3103 Dicunt
1043 3041 1131 3103 enim
1160 3039 1313 3104 homines
1339 3040 1497 3120 moderni,
1522 3043 1614 3124 quod
1644 3062 1734 3124 papa

376 3169 413 3225 et
443 3161 588 3244 episcopi
622 3161 850 3242 indulgencias
884 3170 1116 3224 concesserunt
1147 3161 1358 3224 visitantibus
1392 3171 1519 3226 certum
1550 3163 1668 3236 locum,
1699 3171 1734 3228 et

377 3282 568 3347 bibentibus
590 3282 633 3345 ad
659 3301 828 3344 summum
852 3281 895 3345 de
919 3280 979 3345 tali
1004 3278 1111 3376 cipho,
1134 3290 1168 3344 et
1191 3281 1341 3344 offerenti
1365 3283 1540 3364 pecuniam
1567 3283 1626 3347 tali
1651 3282 1733 3362 loco,

376 3411 413 3468 et
433 3412 553 3485 putant
568 3402 633 3466 alia
652 3423 728 3485 quae
746 3411 823 3466 sunt
839 3402 1021 3466 necessaria
1041 3401 1139 3465 saluti
1158 3401 1277 3466 animae
1294 3422 1361 3465 non
1380 3423 1452 3466 esse
1467 3405 1658 3482 necessaria,
1673 3424 1734 3469 nec

376 3523 491 3588 debita
509 3522 579 3586 fieri
599 3523 642 3586 ab
664 3523 809 3602 eisdem;
836 3521 892 3587 ‘Si
912 3522 1000 3586 enim
1020 3522 1226 3601 sacrificium,
1245 3523 1266 3585 i.
1276 3543 1305 3587 e.
1326 3522 1542 3601 oblacionem,
1564 3524 1732 3603 voluisses,

378 3645 410 3711 O
432 3644 543 3707 Deus!
574 3643 634 3707 tibi
656 3643 833 3722 dedissem,
855 3639 928 3707 etc.'
974 3642 1093 3707 Omnis
1115 3643 1213 3722 enim,
1234 3643 1287 3707 vel
1310 3644 1403 3726 quasi
1426 3645 1542 3722 omnis,
1564 3644 1676 3709 zelant
1698 3657 1733 3710 et

376 3774 496 3848 optant
522 3762 646 3828 habere
670 3765 801 3827 veniam
828 3772 862 3827 et
885 3763 1091 3826 delecionem
1114 3765 1222 3828 omnis
1244 3763 1350 3846 culpae
1375 3774 1408 3829 et
1434 3785 1553 3847 poenae,
1577 3768 1635 3830 sed
1658 3767 1732 3849 quis

373 3895 473 3968 optat
503 3884 624 3948 habere
655 3885 765 3948 media
793 3903 853 3966 per
878 3904 954 3965 quae
985 3904 1096 3949 coram
1124 3884 1199 3947 Deo
1228 3884 1272 3948 ad
1302 3883 1434 3948 veniam
1463 3886 1659 3968 pervenitur,
1686 3908 1732 3952 sc.

373 4007 501 4070 bonam
525 4014 558 4069 et
580 4004 794 4068 sufficientem
817 4003 1024 4068 voluntatem
1048 4002 1190 4068 hominis
1213 4005 1256 4068 ad
1285 4004 1406 4068 Deum.

423 4125 526 4202 Cave,
550 4145 591 4189 ne
615 4125 700 4189 sorte
726 4125 880 4207 surripiat
902 4125 963 4189 tibi
987 4125 1088 4208 impia
1110 4125 1281 4208 cogitacio,
1306 4134 1339 4189 et
1366 4125 1456 4188 dicas
1485 4125 1518 4188 in
1540 4126 1730 4204 corde'tu0‚

374 4245 656 4330 'Appropinquat
668 4266 774 4311 annus
789 4243 1008 4326 remissionis‚'
1020 4245 1273 4312 Deuteronomii
1289 4257 1327 4326 15
1339 4251 1402 4311 ca0.
1434 4245 1490 4312 Sic
1506 4256 1553 4324 tu,
1566 4245 1597 4313 Ο
1609 4247 1731 4313 horno!
