<?xml version="1.0" encoding="UTF-8"?>
<!DOCTYPE html PUBLIC "-//W3C//DTD XHTML 1.0 Transitional//EN"
    "http://www.w3.org/TR/xhtml1/DTD/xhtml1-transitional.dtd">
<html xmlns="http://www.w3.org/1999/xhtml" xml:lang="en" lang="en">
 <head>
  <title>
</title>
<meta http-equiv="Content-Type" content="text/html;charset=utf-8" />
  <meta name='ocr-system' content='tesseract 3.04.00' />
  <meta name='ocr-capabilities' content='ocr_page ocr_carea ocr_par ocr_line ocrx_word'/>
</head>
<body>
  <div class='ocr_page' id='page_1' title='image "./locielibroverit01gascgoog_0339.png"; bbox 0 0 4322 4936; ppageno 0'>
   <div class='ocr_carea' id='block_1_1' title="bbox 455 378 1469 444">
    <p class='ocr_par' dir='ltr' id='par_1_1' title="bbox 455 378 1469 444">
     <span class='ocr_line' id='line_1_1' title="bbox 455 378 1469 444; baseline -0.006 0"><span class='ocrx_word' id='word_1_1' title='bbox 455 378 518 444; x_wconf 77' lang='lat'>226</span> <span class='ocrx_word' id='word_1_2' title='bbox 790 386 987 442; x_wconf 85' lang='lat' dir='ltr'><em>EXCERPT</em></span> <span class='ocrx_word' id='word_1_3' title='bbox 985 389 1012 441; x_wconf 83' lang='lat' dir='ltr'><em>A</em></span> <span class='ocrx_word' id='word_1_4' title='bbox 1040 387 1069 441; x_wconf 90' lang='lat' dir='ltr'><em>E</em></span> <span class='ocrx_word' id='word_1_5' title='bbox 1092 387 1189 440; x_wconf 87' lang='lat' dir='ltr'><em>MSS.</em></span> <span class='ocrx_word' id='word_1_6' title='bbox 1214 383 1469 440; x_wconf 78' lang='lat' dir='ltr'><em>GASCOIGNII.</em></span> 
     </span>
    </p>
   </div>
   <div class='ocr_carea' id='block_1_2' title="bbox 454 600 1817 3106">
    <p class='ocr_par' dir='ltr' id='par_1_2' title="bbox 454 600 1817 3106">
     <span class='ocr_line' id='line_1_2' title="bbox 454 600 1816 687; baseline -0.001 -21"><span class='ocrx_word' id='word_1_7' title='bbox 454 603 499 666; x_wconf 92' lang='lat' dir='ltr'>ad</span> <span class='ocrx_word' id='word_1_8' title='bbox 520 611 598 667; x_wconf 90' lang='lat' dir='ltr'>tunc</span> <span class='ocrx_word' id='word_1_9' title='bbox 621 602 803 686; x_wconf 86' lang='lat' dir='ltr'>justiciario</span> <span class='ocrx_word' id='word_1_10' title='bbox 825 603 998 687; x_wconf 91' lang='lat' dir='ltr'>principali</span> <span class='ocrx_word' id='word_1_11' title='bbox 1020 602 1165 686; x_wconf 83' lang='lat' dir='ltr'>Angliae,</span> <span class='ocrx_word' id='word_1_12' title='bbox 1188 611 1225 666; x_wconf 90' lang='lat' dir='ltr'>ut</span> <span class='ocrx_word' id='word_1_13' title='bbox 1248 603 1447 665; x_wconf 84' lang='lat' dir='ltr'>sententiam</span> <span class='ocrx_word' id='word_1_14' title='bbox 1471 602 1586 666; x_wconf 89' lang='lat' dir='ltr'>mortis</span> <span class='ocrx_word' id='word_1_15' title='bbox 1608 600 1651 664; x_wconf 90' lang='lat' dir='ltr'>de</span> <span class='ocrx_word' id='word_1_16' title='bbox 1674 600 1816 683; x_wconf 52' lang='lat' dir='ltr'>praefato&gt;</span> 
     </span>
     <span class='ocr_line' id='line_1_3' title="bbox 454 721 1809 808; baseline -0.002 -21"><span class='ocrx_word' id='word_1_17' title='bbox 454 723 702 807; x_wconf 87' lang='lat' dir='ltr'>archiepiscopo</span> <span class='ocrx_word' id='word_1_18' title='bbox 724 725 886 808; x_wconf 82' lang='lat' dir='ltr'>proferret</span> <span class='ocrx_word' id='word_1_19' title='bbox 907 735 1068 807; x_wconf 86' lang='lat' dir='ltr'><strong>tanquam</strong></span> <span class='ocrx_word' id='word_1_20' title='bbox 1091 725 1134 787; x_wconf 89' lang='lat' dir='ltr'>de</span> <span class='ocrx_word' id='word_1_21' title='bbox 1156 723 1324 806; x_wconf 88' lang='lat' dir='ltr'>proditore</span> <span class='ocrx_word' id='word_1_22' title='bbox 1351 724 1445 804; x_wconf 88' lang='lat' dir='ltr'>regis,</span> <span class='ocrx_word' id='word_1_23' title='bbox 1470 723 1526 806; x_wconf 92' lang='lat' dir='ltr'>qui</span> <span class='ocrx_word' id='word_1_24' title='bbox 1552 723 1616 786; x_wconf 92' lang='lat' dir='ltr'>hoc</span> <span class='ocrx_word' id='word_1_25' title='bbox 1639 721 1809 795; x_wconf 86' lang='lat' dir='ltr'>recusavit,</span> 
     </span>
     <span class='ocr_line' id='line_1_4' title="bbox 454 836 1812 928; baseline -0.003 -19"><span class='ocrx_word' id='word_1_26' title='bbox 454 853 489 909; x_wconf 92' lang='lat' dir='ltr'>et</span> <span class='ocrx_word' id='word_1_27' title='bbox 515 844 563 908; x_wconf 90' lang='lat' dir='ltr'>sic</span> <span class='ocrx_word' id='word_1_28' title='bbox 589 846 651 909; x_wconf 87' lang='lat' dir='ltr'>sibi</span> <span class='ocrx_word' id='word_1_29' title='bbox 678 847 868 928; x_wconf 87' lang='lat' dir='ltr'>respondit:</span> <span class='ocrx_word' id='word_1_30' title='bbox 902 845 996 909; x_wconf 87' lang='lat' dir='ltr'>‘Nec</span> <span class='ocrx_word' id='word_1_31' title='bbox 1018 866 1087 923; x_wconf 92' lang='lat' dir='ltr'>vos,</span> <span class='ocrx_word' id='word_1_32' title='bbox 1109 844 1245 908; x_wconf 92' lang='lat' dir='ltr'>domine</span> <span class='ocrx_word' id='word_1_33' title='bbox 1274 844 1319 907; x_wconf 91' lang='lat' dir='ltr'>mi</span> <span class='ocrx_word' id='word_1_34' title='bbox 1347 865 1416 923; x_wconf 91' lang='lat' dir='ltr'>rex,</span> <span class='ocrx_word' id='word_1_35' title='bbox 1439 836 1499 908; x_wconf 89' lang='lat' dir='ltr'>nec</span> <span class='ocrx_word' id='word_1_36' title='bbox 1529 843 1648 926; x_wconf 92' lang='lat' dir='ltr'>aliquis</span> <span class='ocrx_word' id='word_1_37' title='bbox 1677 842 1812 906; x_wconf 91' lang='lat' dir='ltr'>nomine</span> 
     </span>
     <span class='ocr_line' id='line_1_5' title="bbox 454 963 1811 1050; baseline -0.004 -20"><span class='ocrx_word' id='word_1_38' title='bbox 454 975 566 1031; x_wconf 89' lang='lat' dir='ltr'>vestro</span> <span class='ocrx_word' id='word_1_39' title='bbox 588 975 699 1031; x_wconf 90' lang='lat' dir='ltr'>vester</span> <span class='ocrx_word' id='word_1_40' title='bbox 720 965 835 1050; x_wconf 88' lang='lat' dir='ltr'>ligeus,</span> <span class='ocrx_word' id='word_1_41' title='bbox 855 966 996 1049; x_wconf 89' lang='lat' dir='ltr'>potestis</span> <span class='ocrx_word' id='word_1_42' title='bbox 1018 965 1117 1042; x_wconf 90' lang='lat' dir='ltr'>licite,</span> <span class='ocrx_word' id='word_1_43' title='bbox 1138 966 1320 1030; x_wconf 89' lang='lat' dir='ltr'>secundum</span> <span class='ocrx_word' id='word_1_44' title='bbox 1338 965 1413 1049; x_wconf 87' lang='lat' dir='ltr'>jura</span> <span class='ocrx_word' id='word_1_45' title='bbox 1436 964 1536 1049; x_wconf 82' lang='lat' dir='ltr'>regni,</span> <span class='ocrx_word' id='word_1_46' title='bbox 1559 965 1703 1048; x_wconf 86' lang='lat' dir='ltr'>aliquem</span> <span class='ocrx_word' id='word_1_47' title='bbox 1725 963 1811 1048; x_wconf 91' lang='lat' dir='ltr'>epis·</span> 
     </span>
     <span class='ocr_line' id='line_1_6' title="bbox 454 1082 1812 1170; baseline -0.004 -19"><span class='ocrx_word' id='word_1_48' title='bbox 454 1106 577 1170; x_wconf 93' lang='lat' dir='ltr'>copum</span> <span class='ocrx_word' id='word_1_49' title='bbox 607 1088 651 1151; x_wconf 94' lang='lat' dir='ltr'>ad</span> <span class='ocrx_word' id='word_1_50' title='bbox 681 1096 823 1150; x_wconf 89' lang='lat' dir='ltr'>mortem</span> <span class='ocrx_word' id='word_1_51' title='bbox 846 1082 1015 1170; x_wconf 85' lang='lat' dir='ltr'>judicare&#39;</span> <span class='ocrx_word' id='word_1_52' title='bbox 1069 1085 1170 1150; x_wconf 89' lang='lat' dir='ltr'><strong>Unde</strong></span> <span class='ocrx_word' id='word_1_53' title='bbox 1204 1085 1378 1168; x_wconf 85' lang='lat' dir='ltr'>praesatum</span> <span class='ocrx_word' id='word_1_54' title='bbox 1408 1086 1691 1168; x_wconf 87' lang='lat' dir='ltr'>archiepiscopum</span> <span class='ocrx_word' id='word_1_55' title='bbox 1723 1083 1812 1167; x_wconf 86' lang='lat' dir='ltr'>judi-</span> 
     </span>
     <span class='ocr_line' id='line_1_7' title="bbox 455 1206 1812 1291; baseline -0.004 -19"><span class='ocrx_word' id='word_1_56' title='bbox 455 1227 531 1273; x_wconf 88' lang='lat' dir='ltr'>care</span> <span class='ocrx_word' id='word_1_57' title='bbox 560 1209 697 1272; x_wconf 90' lang='lat' dir='ltr'>omnino</span> <span class='ocrx_word' id='word_1_58' title='bbox 727 1209 844 1272; x_wconf 92' lang='lat' dir='ltr'>renuit.</span> <span class='ocrx_word' id='word_1_59' title='bbox 888 1207 1002 1291; x_wconf 86' lang='lat' dir='ltr'>Quare</span> <span class='ocrx_word' id='word_1_60' title='bbox 1031 1207 1121 1271; x_wconf 89' lang='lat' dir='ltr'>idem</span> <span class='ocrx_word' id='word_1_61' title='bbox 1150 1228 1211 1271; x_wconf 89' lang='lat' dir='ltr'>rex</span> <span class='ocrx_word' id='word_1_62' title='bbox 1241 1207 1288 1271; x_wconf 91' lang='lat' dir='ltr'>ira</span> <span class='ocrx_word' id='word_1_63' title='bbox 1318 1206 1505 1272; x_wconf 90' lang='lat' dir='ltr'>vehementi</span> <span class='ocrx_word' id='word_1_64' title='bbox 1541 1207 1667 1271; x_wconf 86' lang='lat' dir='ltr'>exarsit</span> <span class='ocrx_word' id='word_1_65' title='bbox 1699 1225 1812 1270; x_wconf 88' lang='lat' dir='ltr'>versus</span> 
     </span>
     <span class='ocr_line' id='line_1_8' title="bbox 456 1327 1812 1412; baseline -0.004 -19"><span class='ocrx_word' id='word_1_66' title='bbox 456 1330 599 1393; x_wconf 90' lang='lat' dir='ltr'>eundem</span> <span class='ocrx_word' id='word_1_67' title='bbox 617 1329 774 1412; x_wconf 89' lang='lat' dir='ltr'>judicem,</span> <span class='ocrx_word' id='word_1_68' title='bbox 790 1329 883 1412; x_wconf 90' lang='lat' dir='ltr'>cujus</span> <span class='ocrx_word' id='word_1_69' title='bbox 906 1329 1066 1392; x_wconf 89' lang='lat' dir='ltr'>memoria</span> <span class='ocrx_word' id='word_1_70' title='bbox 1088 1329 1131 1392; x_wconf 91' lang='lat' dir='ltr'>sit</span> <span class='ocrx_word' id='word_1_71' title='bbox 1154 1329 1188 1392; x_wconf 92' lang='lat' dir='ltr'>in</span> <span class='ocrx_word' id='word_1_72' title='bbox 1205 1329 1475 1394; x_wconf 88' lang='lat' dir='ltr'>benediccionem</span> <span class='ocrx_word' id='word_1_73' title='bbox 1496 1328 1671 1393; x_wconf 69' lang='lat' dir='ltr'>insaecula</span> <span class='ocrx_word' id='word_1_74' title='bbox 1692 1327 1812 1392; x_wconf 76' lang='lat' dir='ltr'>saeculi.</span> 
     </span>
     <span class='ocr_line' id='line_1_9' title="bbox 457 1445 1813 1537; baseline -0.002 -24"><span class='ocrx_word' id='word_1_75' title='bbox 457 1449 503 1514; x_wconf 91' lang='lat' dir='ltr'>Et</span> <span class='ocrx_word' id='word_1_76' title='bbox 533 1451 646 1514; x_wconf 89' lang='lat' dir='ltr'>statim</span> <span class='ocrx_word' id='word_1_77' title='bbox 673 1450 845 1516; x_wconf 91' lang='lat' dir='ltr'>mandavit</span> <span class='ocrx_word' id='word_1_78' title='bbox 871 1449 1007 1514; x_wconf 91' lang='lat' dir='ltr'>domino</span> <span class='ocrx_word' id='word_1_79' title='bbox 1029 1447 1198 1513; x_wconf 88' lang='lat' dir='ltr'>Willelmo</span> <span class='ocrx_word' id='word_1_80' title='bbox 1222 1449 1385 1534; x_wconf 89' lang='lat' dir='ltr'>Fulthorp</span> <span class='ocrx_word' id='word_1_81' title='bbox 1413 1450 1508 1514; x_wconf 92' lang='lat' dir='ltr'>militi</span> <span class='ocrx_word' id='word_1_82' title='bbox 1538 1445 1588 1537; x_wconf 91' lang='lat' dir='ltr'>et]</span> <span class='ocrx_word' id='word_1_83' title='bbox 1613 1470 1679 1513; x_wconf 90' lang='lat' dir='ltr'>non</span> <span class='ocrx_word' id='word_1_84' title='bbox 1702 1448 1813 1531; x_wconf 86' lang='lat' dir='ltr'>judici,</span> 
     </span>
     <span class='ocr_line' id='line_1_10' title="bbox 455 1570 1813 1653; baseline -0.004 -17"><span class='ocrx_word' id='word_1_85' title='bbox 455 1571 490 1636; x_wconf 90' lang='lat' dir='ltr'>in</span> <span class='ocrx_word' id='word_1_86' title='bbox 517 1571 684 1638; x_wconf 86' lang='lat' dir='ltr'>mandatis</span> <span class='ocrx_word' id='word_1_87' title='bbox 710 1571 813 1650; x_wconf 87' lang='lat' dir='ltr'>dedit,</span> <span class='ocrx_word' id='word_1_88' title='bbox 840 1580 878 1636; x_wconf 90' lang='lat' dir='ltr'>ut</span> <span class='ocrx_word' id='word_1_89' title='bbox 905 1571 939 1636; x_wconf 92' lang='lat' dir='ltr'>in</span> <span class='ocrx_word' id='word_1_90' title='bbox 965 1571 1083 1636; x_wconf 85' lang='lat' dir='ltr'>eadem</span> <span class='ocrx_word' id='word_1_91' title='bbox 1109 1570 1173 1648; x_wconf 91' lang='lat' dir='ltr'>die,</span> <span class='ocrx_word' id='word_1_92' title='bbox 1203 1591 1249 1636; x_wconf 90' lang='lat' dir='ltr'>sc.</span> <span class='ocrx_word' id='word_1_93' title='bbox 1275 1571 1308 1635; x_wconf 93' lang='lat' dir='ltr'>in</span> <span class='ocrx_word' id='word_1_94' title='bbox 1334 1572 1415 1636; x_wconf 82' lang='lat' dir='ltr'>seria</span> <span class='ocrx_word' id='word_1_95' title='bbox 1444 1571 1591 1636; x_wconf 87' lang='lat' dir='ltr'>secunda</span> <span class='ocrx_word' id='word_1_96' title='bbox 1618 1571 1813 1653; x_wconf 84' lang='lat' dir='ltr'>septimanae</span> 
     </span>
     <span class='ocr_line' id='line_1_11' title="bbox 456 1690 1815 1774; baseline -0.001 -20"><span class='ocrx_word' id='word_1_97' title='bbox 456 1691 673 1770; x_wconf 85' lang='lat' dir='ltr'>Pentecostls,</span> <span class='ocrx_word' id='word_1_98' title='bbox 703 1713 779 1774; x_wconf 82' lang='lat' dir='ltr'>quae</span> <span class='ocrx_word' id='word_1_99' title='bbox 810 1691 872 1755; x_wconf 86' lang='lat' dir='ltr'>suit</span> <span class='ocrx_word' id='word_1_100' title='bbox 906 1701 1026 1756; x_wconf 88' lang='lat' dir='ltr'>octava</span> <span class='ocrx_word' id='word_1_101' title='bbox 1056 1691 1128 1756; x_wconf 93' lang='lat' dir='ltr'>dies</span> <span class='ocrx_word' id='word_1_102' title='bbox 1156 1691 1256 1772; x_wconf 89' lang='lat' dir='ltr'>Junii,</span> <span class='ocrx_word' id='word_1_103' title='bbox 1286 1693 1491 1758; x_wconf 87' lang='lat' dir='ltr'>sentenciam</span> <span class='ocrx_word' id='word_1_104' title='bbox 1523 1692 1638 1756; x_wconf 90' lang='lat' dir='ltr'>mortis</span> <span class='ocrx_word' id='word_1_105' title='bbox 1674 1693 1707 1754; x_wconf 93' lang='lat' dir='ltr'>in</span> <span class='ocrx_word' id='word_1_106' title='bbox 1737 1690 1815 1754; x_wconf 88' lang='lat' dir='ltr'>aula</span> 
     </span>
     <span class='ocr_line' id='line_1_12' title="bbox 455 1811 1814 1900; baseline -0.001 -22"><span class='ocrx_word' id='word_1_107' title='bbox 455 1811 585 1900; x_wconf 86' lang='lat' dir='ltr'>praeiati</span> <span class='ocrx_word' id='word_1_108' title='bbox 608 1813 746 1878; x_wconf 89' lang='lat' dir='ltr'>manerii</span> <span class='ocrx_word' id='word_1_109' title='bbox 768 1821 883 1878; x_wconf 91' lang='lat' dir='ltr'>contra</span> <span class='ocrx_word' id='word_1_110' title='bbox 905 1812 1198 1896; x_wconf 89' lang='lat' dir='ltr'>archiepiscopum,</span> <span class='ocrx_word' id='word_1_111' title='bbox 1215 1834 1316 1898; x_wconf 91' lang='lat' dir='ltr'>quem</span> <span class='ocrx_word' id='word_1_112' title='bbox 1335 1813 1466 1881; x_wconf 87' lang='lat' dir='ltr'>vocavit</span> <span class='ocrx_word' id='word_1_113' title='bbox 1488 1835 1584 1878; x_wconf 91' lang='lat' dir='ltr'>suum</span> <span class='ocrx_word' id='word_1_114' title='bbox 1602 1813 1814 1896; x_wconf 90' lang='lat' dir='ltr'>proditorem,</span> 
     </span>
     <span class='ocr_line' id='line_1_13' title="bbox 455 1917 1815 2020; baseline -0.001 -20"><span class='ocrx_word' id='word_1_115' title='bbox 455 1933 627 2020; x_wconf 76' lang='lat' dir='ltr'>proferret.</span> <span class='ocrx_word' id='word_1_116' title='bbox 674 1933 784 2012; x_wconf 89' lang='lat' dir='ltr'>Unde,</span> <span class='ocrx_word' id='word_1_117' title='bbox 810 1935 892 2000; x_wconf 92' lang='lat' dir='ltr'>dum</span> <span class='ocrx_word' id='word_1_118' title='bbox 923 1917 1101 2016; x_wconf 82' lang='lat' dir='ltr'>praedictus</span> <span class='ocrx_word' id='word_1_119' title='bbox 1128 1934 1234 2017; x_wconf 86' lang='lat' dir='ltr'>judex</span> <span class='ocrx_word' id='word_1_120' title='bbox 1264 1934 1453 2018; x_wconf 89' lang='lat' dir='ltr'>principalis</span> <span class='ocrx_word' id='word_1_121' title='bbox 1476 1934 1664 1998; x_wconf 91' lang='lat' dir='ltr'>Willelmus</span> <span class='ocrx_word' id='word_1_122' title='bbox 1690 1933 1815 1999; x_wconf 86' lang='lat' dir='ltr'>Gasco·</span> 
     </span>
     <span class='ocr_line' id='line_1_14' title="bbox 455 2054 1815 2140; baseline -0.001 -21"><span class='ocrx_word' id='word_1_123' title='bbox 455 2055 534 2140; x_wconf 84' lang='lat' dir='ltr'>igne</span> <span class='ocrx_word' id='word_1_124' title='bbox 560 2055 594 2118; x_wconf 91' lang='lat' dir='ltr'>in</span> <span class='ocrx_word' id='word_1_125' title='bbox 619 2055 779 2120; x_wconf 89' lang='lat' dir='ltr'>comitatu</span> <span class='ocrx_word' id='word_1_126' title='bbox 806 2054 950 2118; x_wconf 85' lang='lat' dir='ltr'>Eboraci</span> <span class='ocrx_word' id='word_1_127' title='bbox 978 2063 1085 2130; x_wconf 86' lang='lat' dir='ltr'>natus,</span> <span class='ocrx_word' id='word_1_128' title='bbox 1113 2056 1155 2119; x_wconf 90' lang='lat' dir='ltr'>de</span> <span class='ocrx_word' id='word_1_129' title='bbox 1185 2054 1261 2119; x_wconf 90' lang='lat' dir='ltr'>aula</span> <span class='ocrx_word' id='word_1_130' title='bbox 1288 2056 1404 2134; x_wconf 86' lang='lat' dir='ltr'>exiret,</span> <span class='ocrx_word' id='word_1_131' title='bbox 1428 2056 1606 2140; x_wconf 87' lang='lat' dir='ltr'>praedictus</span> <span class='ocrx_word' id='word_1_132' title='bbox 1627 2054 1815 2118; x_wconf 88' lang='lat' dir='ltr'>Willelmus</span> 
     </span>
     <span class='ocr_line' id='line_1_15' title="bbox 457 2175 1815 2260; baseline -0.002 -18"><span class='ocrx_word' id='word_1_133' title='bbox 457 2175 619 2260; x_wconf 90' lang='lat' dir='ltr'>Fulthorp</span> <span class='ocrx_word' id='word_1_134' title='bbox 643 2176 676 2242; x_wconf 94' lang='lat' dir='ltr'>in</span> <span class='ocrx_word' id='word_1_135' title='bbox 699 2175 773 2242; x_wconf 91' lang='lat' dir='ltr'>loco</span> <span class='ocrx_word' id='word_1_136' title='bbox 792 2175 913 2258; x_wconf 90' lang='lat' dir='ltr'>judicis</span> <span class='ocrx_word' id='word_1_137' title='bbox 936 2175 1023 2240; x_wconf 92' lang='lat' dir='ltr'>sedit</span> <span class='ocrx_word' id='word_1_138' title='bbox 1046 2186 1081 2240; x_wconf 91' lang='lat' dir='ltr'>et</span> <span class='ocrx_word' id='word_1_139' title='bbox 1103 2175 1387 2260; x_wconf 88' lang='lat' dir='ltr'>archiepiscopum</span> <span class='ocrx_word' id='word_1_140' title='bbox 1407 2177 1512 2260; x_wconf 91' lang='lat' dir='ltr'>Scrop</span> <span class='ocrx_word' id='word_1_141' title='bbox 1535 2186 1614 2242; x_wconf 87' lang='lat' dir='ltr'>ante</span> <span class='ocrx_word' id='word_1_142' title='bbox 1636 2198 1673 2240; x_wconf 91' lang='lat' dir='ltr'>se</span> <span class='ocrx_word' id='word_1_143' title='bbox 1695 2176 1815 2242; x_wconf 89' lang='lat' dir='ltr'>adduci</span> 
     </span>
     <span class='ocr_line' id='line_1_16' title="bbox 456 2296 1814 2383; baseline -0.001 -22"><span class='ocrx_word' id='word_1_144' title='bbox 456 2297 627 2382; x_wconf 81' lang='lat' dir='ltr'>praecepit.</span> <span class='ocrx_word' id='word_1_145' title='bbox 673 2296 719 2361; x_wconf 91' lang='lat' dir='ltr'>Et</span> <span class='ocrx_word' id='word_1_146' title='bbox 743 2296 992 2380; x_wconf 87' lang='lat' dir='ltr'>archiepiscopo</span> <span class='ocrx_word' id='word_1_147' title='bbox 1023 2317 1135 2362; x_wconf 87' lang='lat' dir='ltr'>coram</span> <span class='ocrx_word' id='word_1_148' title='bbox 1162 2319 1203 2362; x_wconf 89' lang='lat' dir='ltr'>eo</span> <span class='ocrx_word' id='word_1_149' title='bbox 1231 2299 1321 2362; x_wconf 90' lang='lat' dir='ltr'>nudo</span> <span class='ocrx_word' id='word_1_150' title='bbox 1347 2299 1457 2383; x_wconf 89' lang='lat' dir='ltr'>eapite</span> <span class='ocrx_word' id='word_1_151' title='bbox 1482 2307 1601 2377; x_wconf 89' lang='lat' dir='ltr'>stante,</span> <span class='ocrx_word' id='word_1_152' title='bbox 1627 2297 1713 2362; x_wconf 89' lang='lat' dir='ltr'>hanc</span> <span class='ocrx_word' id='word_1_153' title='bbox 1741 2317 1814 2361; x_wconf 91' lang='lat' dir='ltr'>sen-</span> 
     </span>
     <span class='ocr_line' id='line_1_17' title="bbox 457 2416 1815 2502; baseline -0.001 -20"><span class='ocrx_word' id='word_1_154' title='bbox 457 2419 601 2482; x_wconf 90' lang='lat' dir='ltr'>tenciam</span> <span class='ocrx_word' id='word_1_155' title='bbox 632 2418 757 2496; x_wconf 87' lang='lat' dir='ltr'>mortis,</span> <span class='ocrx_word' id='word_1_156' title='bbox 786 2416 860 2502; x_wconf 91' lang='lat' dir='ltr'>ipso</span> <span class='ocrx_word' id='word_1_157' title='bbox 890 2417 1047 2482; x_wconf 88' lang='lat' dir='ltr'>audiente</span> <span class='ocrx_word' id='word_1_158' title='bbox 1078 2427 1112 2482; x_wconf 89' lang='lat' dir='ltr'>et</span> <span class='ocrx_word' id='word_1_159' title='bbox 1147 2419 1300 2483; x_wconf 88' lang='lat' dir='ltr'>omnibus</span> <span class='ocrx_word' id='word_1_160' title='bbox 1330 2419 1627 2494; x_wconf 86' lang='lat' dir='ltr'>circumstantibus,</span> <span class='ocrx_word' id='word_1_161' title='bbox 1659 2417 1815 2502; x_wconf 90' lang='lat' dir='ltr'>protulit:</span> 
     </span>
     <span class='ocr_line' id='line_1_18' title="bbox 458 2537 1815 2622; baseline -0.001 -20"><span class='ocrx_word' id='word_1_162' title='bbox 458 2537 531 2604; x_wconf 84' lang='lat' dir='ltr'>‘Te</span> <span class='ocrx_word' id='word_1_163' title='bbox 559 2538 740 2603; x_wconf 89' lang='lat' dir='ltr'>Ricardum</span> <span class='ocrx_word' id='word_1_164' title='bbox 766 2537 893 2619; x_wconf 92' lang='lat' dir='ltr'>Scrope</span> <span class='ocrx_word' id='word_1_165' title='bbox 919 2538 1116 2602; x_wconf 87' lang='lat' dir='ltr'>traditorem</span> <span class='ocrx_word' id='word_1_166' title='bbox 1143 2541 1229 2621; x_wconf 85' lang='lat' dir='ltr'>regis</span> <span class='ocrx_word' id='word_1_167' title='bbox 1258 2540 1301 2603; x_wconf 94' lang='lat' dir='ltr'>ad</span> <span class='ocrx_word' id='word_1_168' title='bbox 1329 2549 1471 2604; x_wconf 90' lang='lat' dir='ltr'>mortem</span> <span class='ocrx_word' id='word_1_169' title='bbox 1490 2540 1686 2622; x_wconf 88' lang='lat' dir='ltr'>judicamus,</span> <span class='ocrx_word' id='word_1_170' title='bbox 1711 2549 1745 2603; x_wconf 90' lang='lat' dir='ltr'>et</span> <span class='ocrx_word' id='word_1_171' title='bbox 1772 2559 1815 2602; x_wconf 88' lang='lat' dir='ltr'>ex</span> 
     </span>
     <span class='ocr_line' id='line_1_19' title="bbox 459 2658 1817 2743; baseline -0.001 -21"><span class='ocrx_word' id='word_1_172' title='bbox 459 2668 628 2742; x_wconf 77' lang='lat' dir='ltr'>praecepto</span> <span class='ocrx_word' id='word_1_173' title='bbox 658 2660 744 2742; x_wconf 84' lang='lat' dir='ltr'>regis</span> <span class='ocrx_word' id='word_1_174' title='bbox 774 2658 930 2722; x_wconf 88' lang='lat' dir='ltr'>decollari</span> <span class='ocrx_word' id='word_1_175' title='bbox 962 2659 1177 2724; x_wconf 66' lang='lat' dir='ltr'>mandamus!</span> <span class='ocrx_word' id='word_1_176' title='bbox 1222 2659 1308 2743; x_wconf 84' lang='lat' dir='ltr'>Quae</span> <span class='ocrx_word' id='word_1_177' title='bbox 1335 2661 1435 2724; x_wconf 90' lang='lat' dir='ltr'>verba</span> <span class='ocrx_word' id='word_1_178' title='bbox 1468 2661 1614 2738; x_wconf 91' lang='lat' dir='ltr'>audiens,</span> <span class='ocrx_word' id='word_1_179' title='bbox 1640 2659 1817 2742; x_wconf 89' lang='lat' dir='ltr'>archiepis-</span> 
     </span>
     <span class='ocr_line' id='line_1_20' title="bbox 461 2779 1816 2862; baseline -0.001 -18"><span class='ocrx_word' id='word_1_180' title='bbox 461 2800 565 2862; x_wconf 92' lang='lat' dir='ltr'>copus</span> <span class='ocrx_word' id='word_1_181' title='bbox 589 2779 674 2844; x_wconf 91' lang='lat' dir='ltr'>hanc</span> <span class='ocrx_word' id='word_1_182' title='bbox 699 2779 887 2844; x_wconf 92' lang='lat' dir='ltr'>oracionem</span> <span class='ocrx_word' id='word_1_183' title='bbox 912 2779 1044 2862; x_wconf 88' lang='lat' dir='ltr'>puplice</span> <span class='ocrx_word' id='word_1_184' title='bbox 1068 2780 1176 2846; x_wconf 89' lang='lat' dir='ltr'>dixit:</span> <span class='ocrx_word' id='word_1_185' title='bbox 1213 2781 1326 2846; x_wconf 90' lang='lat' dir='ltr'>‘Deus</span> <span class='ocrx_word' id='word_1_186' title='bbox 1353 2782 1546 2846; x_wconf 88' lang='lat' dir='ltr'>misereatur</span> <span class='ocrx_word' id='word_1_187' title='bbox 1571 2781 1691 2846; x_wconf 88' lang='lat' dir='ltr'>animae</span> <span class='ocrx_word' id='word_1_188' title='bbox 1722 2801 1816 2855; x_wconf 84' lang='lat' dir='ltr'>meae,</span> 
     </span>
     <span class='ocr_line' id='line_1_21' title="bbox 459 2900 1817 2985; baseline 0 -21"><span class='ocrx_word' id='word_1_189' title='bbox 459 2900 518 2983; x_wconf 92' lang='lat' dir='ltr'>qui</span> <span class='ocrx_word' id='word_1_190' title='bbox 548 2900 611 2966; x_wconf 87' lang='lat' dir='ltr'>scit</span> <span class='ocrx_word' id='word_1_191' title='bbox 641 2921 696 2964; x_wconf 85' lang='lat' dir='ltr'>me</span> <span class='ocrx_word' id='word_1_192' title='bbox 725 2920 895 2982; x_wconf 89' lang='lat' dir='ltr'>nunquam</span> <span class='ocrx_word' id='word_1_193' title='bbox 927 2900 1109 2965; x_wconf 91' lang='lat' dir='ltr'>intendisse</span> <span class='ocrx_word' id='word_1_194' title='bbox 1139 2901 1264 2965; x_wconf 90' lang='lat' dir='ltr'>malum</span> <span class='ocrx_word' id='word_1_195' title='bbox 1291 2913 1406 2966; x_wconf 88' lang='lat' dir='ltr'>contra</span> <span class='ocrx_word' id='word_1_196' title='bbox 1436 2922 1611 2985; x_wconf 90' lang='lat' dir='ltr'>personam</span> <span class='ocrx_word' id='word_1_197' title='bbox 1642 2902 1727 2983; x_wconf 83' lang='lat' dir='ltr'>regis</span> <span class='ocrx_word' id='word_1_198' title='bbox 1757 2921 1817 2964; x_wconf 90' lang='lat' dir='ltr'>nec</span> 
     </span>
     <span class='ocr_line' id='line_1_22' title="bbox 460 3017 1817 3106; baseline 0 -22"><span class='ocrx_word' id='word_1_199' title='bbox 460 3029 578 3085; x_wconf 89' lang='lat' dir='ltr'>contra</span> <span class='ocrx_word' id='word_1_200' title='bbox 603 3041 741 3103; x_wconf 87' lang='lat' dir='ltr'>regnum</span> <span class='ocrx_word' id='word_1_201' title='bbox 754 3017 773 3080; x_wconf 85' lang='lat' dir='ltr'>l&#39;</span> <span class='ocrx_word' id='word_1_202' title='bbox 820 3019 875 3082; x_wconf 90' lang='lat' dir='ltr'>Ex</span> <span class='ocrx_word' id='word_1_203' title='bbox 906 3020 1026 3102; x_wconf 91' lang='lat' dir='ltr'>quibus</span> <span class='ocrx_word' id='word_1_204' title='bbox 1047 3021 1156 3084; x_wconf 91' lang='lat' dir='ltr'>verbis</span> <span class='ocrx_word' id='word_1_205' title='bbox 1182 3021 1421 3105; x_wconf 90' lang='lat' dir='ltr'>archiepiscopi</span> <span class='ocrx_word' id='word_1_206' title='bbox 1451 3031 1547 3106; x_wconf 87' lang='lat' dir='ltr'>patet</span> <span class='ocrx_word' id='word_1_207' title='bbox 1576 3021 1702 3086; x_wconf 84' lang='lat' dir='ltr'>famam</span> <span class='ocrx_word' id='word_1_208' title='bbox 1728 3041 1817 3085; x_wconf 90' lang='lat' dir='ltr'>com·</span> 
     </span>
    </p>
   </div>
   <div class='ocr_carea' id='block_1_3' title="bbox 460 3140 1818 3346">
    <p class='ocr_par' dir='ltr' id='par_1_3' title="bbox 460 3140 1818 3346">
     <span class='ocr_line' id='line_1_23' title="bbox 460 3140 1818 3226; baseline 0 -21"><span class='ocrx_word' id='word_1_209' title='bbox 460 3162 596 3205; x_wconf 90' lang='lat' dir='ltr'>munem</span> <span class='ocrx_word' id='word_1_210' title='bbox 626 3150 706 3206; x_wconf 92' lang='lat' dir='ltr'>tunc</span> <span class='ocrx_word' id='word_1_211' title='bbox 732 3140 832 3204; x_wconf 82' lang='lat' dir='ltr'>fuisse</span> <span class='ocrx_word' id='word_1_212' title='bbox 861 3161 984 3218; x_wconf 90' lang='lat' dir='ltr'>veram,</span> <span class='ocrx_word' id='word_1_213' title='bbox 1015 3162 1062 3206; x_wconf 90' lang='lat' dir='ltr'>sc.</span> <span class='ocrx_word' id='word_1_214' title='bbox 1087 3144 1178 3225; x_wconf 93' lang='lat' dir='ltr'>quod</span> <span class='ocrx_word' id='word_1_215' title='bbox 1204 3143 1349 3207; x_wconf 88' lang='lat' dir='ltr'>intencio</span> <span class='ocrx_word' id='word_1_216' title='bbox 1375 3142 1612 3226; x_wconf 90' lang='lat' dir='ltr'>archiepiscopi</span> <span class='ocrx_word' id='word_1_217' title='bbox 1638 3141 1701 3207; x_wconf 84' lang='lat' dir='ltr'>fuit</span> <span class='ocrx_word' id='word_1_218' title='bbox 1725 3142 1818 3206; x_wconf 90' lang='lat' dir='ltr'>adire</span> 
     </span>
     <span class='ocr_line' id='line_1_24' title="bbox 461 3261 1817 3346; baseline 0 -21"><span class='ocrx_word' id='word_1_219' title='bbox 461 3282 574 3344; x_wconf 86' lang='lat' dir='ltr'>regem</span> <span class='ocrx_word' id='word_1_220' title='bbox 606 3282 682 3326; x_wconf 92' lang='lat' dir='ltr'>cum</span> <span class='ocrx_word' id='word_1_221' title='bbox 709 3261 826 3327; x_wconf 88' lang='lat' dir='ltr'>ceteris</span> <span class='ocrx_word' id='word_1_222' title='bbox 856 3261 1000 3325; x_wconf 88' lang='lat' dir='ltr'>dominis</span> <span class='ocrx_word' id='word_1_223' title='bbox 1026 3263 1084 3345; x_wconf 92' lang='lat' dir='ltr'>qui</span> <span class='ocrx_word' id='word_1_224' title='bbox 1114 3264 1158 3326; x_wconf 92' lang='lat' dir='ltr'>ad</span> <span class='ocrx_word' id='word_1_225' title='bbox 1187 3262 1252 3328; x_wconf 94' lang='lat' dir='ltr'>hoc</span> <span class='ocrx_word' id='word_1_226' title='bbox 1282 3272 1527 3341; x_wconf 89' lang='lat' dir='ltr'>consenserunt,</span> <span class='ocrx_word' id='word_1_227' title='bbox 1551 3274 1589 3327; x_wconf 93' lang='lat' dir='ltr'>ut</span> <span class='ocrx_word' id='word_1_228' title='bbox 1617 3271 1769 3346; x_wconf 88' lang='lat' dir='ltr'>peterent</span> <span class='ocrx_word' id='word_1_229' title='bbox 1798 3283 1817 3325; x_wconf 90' lang='lat' dir='ltr'>a</span> 
     </span>
    </p>
   </div>
   <div class='ocr_carea' id='block_1_4' title="bbox 461 3383 1820 4074">
    <p class='ocr_par' dir='ltr' id='par_1_4' title="bbox 461 3383 1820 4074">
     <span class='ocr_line' id='line_1_25' title="bbox 461 3383 1818 3468; baseline -0.001 -20"><span class='ocrx_word' id='word_1_230' title='bbox 461 3404 539 3466; x_wconf 86' lang='lat' dir='ltr'>rege</span> <span class='ocrx_word' id='word_1_231' title='bbox 561 3383 834 3448; x_wconf 79' lang='lat' dir='ltr'>reformacionem</span> <span class='ocrx_word' id='word_1_232' title='bbox 854 3383 1017 3448; x_wconf 91' lang='lat' dir='ltr'>malorum</span> <span class='ocrx_word' id='word_1_233' title='bbox 1039 3384 1073 3447; x_wconf 90' lang='lat' dir='ltr'>in</span> <span class='ocrx_word' id='word_1_234' title='bbox 1096 3405 1198 3468; x_wconf 88' lang='lat' dir='ltr'>regno</span> <span class='ocrx_word' id='word_1_235' title='bbox 1220 3393 1299 3448; x_wconf 91' lang='lat' dir='ltr'>tunc</span> <span class='ocrx_word' id='word_1_236' title='bbox 1322 3385 1559 3464; x_wconf 90' lang='lat' dir='ltr'>existencium;</span> <span class='ocrx_word' id='word_1_237' title='bbox 1582 3393 1617 3449; x_wconf 92' lang='lat' dir='ltr'>et</span> <span class='ocrx_word' id='word_1_238' title='bbox 1639 3385 1718 3468; x_wconf 93' lang='lat' dir='ltr'>quia</span> <span class='ocrx_word' id='word_1_239' title='bbox 1739 3394 1818 3448; x_wconf 88' lang='lat' dir='ltr'>tunc</span> 
     </span>
     <span class='ocr_line' id='line_1_26' title="bbox 461 3503 1820 3588; baseline -0.001 -20"><span class='ocrx_word' id='word_1_240' title='bbox 461 3503 594 3569; x_wconf 81' lang='lat' dir='ltr'>suerunt</span> <span class='ocrx_word' id='word_1_241' title='bbox 616 3505 726 3588; x_wconf 90' lang='lat' dir='ltr'>plures</span> <span class='ocrx_word' id='word_1_242' title='bbox 749 3505 974 3569; x_wconf 89' lang='lat' dir='ltr'>dissenciones</span> <span class='ocrx_word' id='word_1_243' title='bbox 996 3504 1030 3568; x_wconf 90' lang='lat' dir='ltr'>in</span> <span class='ocrx_word' id='word_1_244' title='bbox 1053 3525 1157 3588; x_wconf 82' lang='lat' dir='ltr'>regno</span> <span class='ocrx_word' id='word_1_245' title='bbox 1179 3507 1265 3569; x_wconf 90' lang='lat' dir='ltr'>inter</span> <span class='ocrx_word' id='word_1_246' title='bbox 1287 3506 1448 3584; x_wconf 90' lang='lat' dir='ltr'>dominos,</span> <span class='ocrx_word' id='word_1_247' title='bbox 1468 3515 1503 3570; x_wconf 89' lang='lat' dir='ltr'>et</span> <span class='ocrx_word' id='word_1_248' title='bbox 1525 3505 1712 3588; x_wconf 88' lang='lat' dir='ltr'>specialiter</span> <span class='ocrx_word' id='word_1_249' title='bbox 1734 3505 1820 3569; x_wconf 87' lang='lat' dir='ltr'>inter</span> 
     </span>
     <span class='ocr_line' id='line_1_27' title="bbox 463 3625 1819 3710; baseline -0.001 -20"><span class='ocrx_word' id='word_1_250' title='bbox 463 3625 636 3690; x_wconf 88' lang='lat' dir='ltr'>dominum</span> <span class='ocrx_word' id='word_1_251' title='bbox 653 3625 760 3690; x_wconf 88' lang='lat' dir='ltr'>Neve]</span> <span class='ocrx_word' id='word_1_252' title='bbox 782 3635 816 3690; x_wconf 92' lang='lat' dir='ltr'>et</span> <span class='ocrx_word' id='word_1_253' title='bbox 835 3627 992 3690; x_wconf 91' lang='lat' dir='ltr'>comitem</span> <span class='ocrx_word' id='word_1_254' title='bbox 1010 3625 1186 3704; x_wconf 73' lang='lat' dir='ltr'>Marchall,</span> <span class='ocrx_word' id='word_1_255' title='bbox 1201 3626 1277 3690; x_wconf 93' lang='lat' dir='ltr'>ideo</span> <span class='ocrx_word' id='word_1_256' title='bbox 1300 3626 1565 3710; x_wconf 84' lang='lat' dir='ltr'>archiepiscopus</span> <span class='ocrx_word' id='word_1_257' title='bbox 1589 3627 1677 3691; x_wconf 92' lang='lat' dir='ltr'>dixit</span> <span class='ocrx_word' id='word_1_258' title='bbox 1694 3625 1819 3710; x_wconf 91' lang='lat' dir='ltr'>populo</span> 
     </span>
     <span class='ocr_line' id='line_1_28' title="bbox 462 3745 1818 3830; baseline -0.001 -20"><span class='ocrx_word' id='word_1_259' title='bbox 462 3767 524 3810; x_wconf 84' lang='lat' dir='ltr'>suo</span> <span class='ocrx_word' id='word_1_260' title='bbox 546 3745 691 3829; x_wconf 89' lang='lat' dir='ltr'>seipsum</span> <span class='ocrx_word' id='word_1_261' title='bbox 712 3748 861 3830; x_wconf 91' lang='lat' dir='ltr'>equitare</span> <span class='ocrx_word' id='word_1_262' title='bbox 882 3767 959 3810; x_wconf 90' lang='lat' dir='ltr'>cum</span> <span class='ocrx_word' id='word_1_263' title='bbox 980 3747 1210 3825; x_wconf 80' lang='lat' dir='ltr'>multitudine3</span> <span class='ocrx_word' id='word_1_264' title='bbox 1234 3756 1268 3811; x_wconf 92' lang='lat' dir='ltr'>et</span> <span class='ocrx_word' id='word_1_265' title='bbox 1289 3757 1365 3830; x_wconf 89' lang='lat' dir='ltr'>post</span> <span class='ocrx_word' id='word_1_266' title='bbox 1384 3748 1543 3830; x_wconf 86' lang='lat' dir='ltr'>praedicta</span> <span class='ocrx_word' id='word_1_267' title='bbox 1559 3747 1660 3810; x_wconf 90' lang='lat' dir='ltr'>verba</span> <span class='ocrx_word' id='word_1_268' title='bbox 1681 3749 1818 3811; x_wconf 92' lang='lat' dir='ltr'>circum·</span> 
     </span>
     <span class='ocr_line' id='line_1_29' title="bbox 463 3867 1819 3952; baseline 0.001 -21"><span class='ocrx_word' id='word_1_269' title='bbox 463 3867 629 3931; x_wconf 89' lang='lat' dir='ltr'>stantibus</span> <span class='ocrx_word' id='word_1_270' title='bbox 651 3868 773 3952; x_wconf 86' lang='lat' dir='ltr'>saepius</span> <span class='ocrx_word' id='word_1_271' title='bbox 795 3869 902 3932; x_wconf 90' lang='lat' dir='ltr'>dixit:</span> <span class='ocrx_word' id='word_1_272' title='bbox 928 3867 1058 3934; x_wconf 87' lang='lat' dir='ltr'>‘Oretis</span> <span class='ocrx_word' id='word_1_273' title='bbox 1081 3877 1118 3932; x_wconf 92' lang='lat' dir='ltr'>ut</span> <span class='ocrx_word' id='word_1_274' title='bbox 1141 3868 1352 3951; x_wconf 88' lang='lat' dir='ltr'>omnipotens</span> <span class='ocrx_word' id='word_1_275' title='bbox 1369 3867 1461 3932; x_wconf 91' lang='lat' dir='ltr'>Deus</span> <span class='ocrx_word' id='word_1_276' title='bbox 1485 3889 1653 3950; x_wconf 91' lang='lat' dir='ltr'>nunquam</span> <span class='ocrx_word' id='word_1_277' title='bbox 1675 3868 1819 3932; x_wconf 90' lang='lat' dir='ltr'>vindicet</span> 
     </span>
     <span class='ocr_line' id='line_1_30' title="bbox 464 3989 1819 4074; baseline 0 -22"><span class='ocrx_word' id='word_1_278' title='bbox 464 3998 607 4054; x_wconf 88' lang='lat' dir='ltr'>mortem</span> <span class='ocrx_word' id='word_1_279' title='bbox 631 4011 740 4054; x_wconf 90' lang='lat' dir='ltr'>meam</span> <span class='ocrx_word' id='word_1_280' title='bbox 763 3990 797 4053; x_wconf 92' lang='lat' dir='ltr'>in</span> <span class='ocrx_word' id='word_1_281' title='bbox 820 4011 898 4074; x_wconf 84' lang='lat' dir='ltr'>rege</span> <span class='ocrx_word' id='word_1_282' title='bbox 921 4010 981 4054; x_wconf 92' lang='lat' dir='ltr'>nec</span> <span class='ocrx_word' id='word_1_283' title='bbox 1004 3991 1038 4053; x_wconf 91' lang='lat' dir='ltr'>in</span> <span class='ocrx_word' id='word_1_284' title='bbox 1061 3989 1162 4067; x_wconf 84' lang='lat' dir='ltr'>suis3’</span> <span class='ocrx_word' id='word_1_285' title='bbox 1189 4011 1264 4072; x_wconf 85' lang='lat' dir='ltr'>quae</span> <span class='ocrx_word' id='word_1_286' title='bbox 1290 3989 1390 4053; x_wconf 89' lang='lat' dir='ltr'>verba</span> <span class='ocrx_word' id='word_1_287' title='bbox 1416 3990 1464 4054; x_wconf 91' lang='lat' dir='ltr'>ita</span> <span class='ocrx_word' id='word_1_288' title='bbox 1486 4009 1576 4070; x_wconf 73' lang='lat' dir='ltr'>saepe</span> <span class='ocrx_word' id='word_1_289' title='bbox 1599 3989 1754 4071; x_wconf 82' lang='lat' dir='ltr'>repeciit3</span> <span class='ocrx_word' id='word_1_290' title='bbox 1786 3997 1819 4052; x_wconf 88' lang='lat' dir='ltr'>et</span> 
     </span>
    </p>
   </div>
   <div class='ocr_carea' id='block_1_5' title="bbox 463 4157 1819 4310">
    <p class='ocr_par' dir='ltr' id='par_1_5' title="bbox 463 4157 1819 4310">
     <span class='ocr_line' id='line_1_31' title="bbox 488 4157 1819 4227; baseline -0.003 -17"><span class='ocrx_word' id='word_1_291' title='bbox 488 4169 490 4172; x_wconf 85' lang='lat'>&#39;</span> <span class='ocrx_word' id='word_1_292' title='bbox 530 4159 538 4188; x_wconf 90' lang='lat'>¹</span> <span class='ocrx_word' id='word_1_293' title='bbox 555 4161 593 4224; x_wconf 86' lang='lat' dir='ltr'>By</span> <span class='ocrx_word' id='word_1_294' title='bbox 609 4161 678 4211; x_wconf 83' lang='lat' dir='ltr'>these</span> <span class='ocrx_word' id='word_1_295' title='bbox 698 4177 800 4227; x_wconf 89' lang='lat' dir='ltr'>persons</span> <span class='ocrx_word' id='word_1_296' title='bbox 819 4161 960 4227; x_wconf 84' lang='lat' dir='ltr'>Gascoigne</span> <span class='ocrx_word' id='word_1_297' title='bbox 980 4161 1103 4226; x_wconf 85' lang='lat' dir='ltr'>probably</span> <span class='ocrx_word' id='word_1_298' title='bbox 1120 4177 1205 4210; x_wconf 84' lang='lat' dir='ltr'>means</span> <span class='ocrx_word' id='word_1_299' title='bbox 1225 4160 1309 4224; x_wconf 85' lang='lat' dir='ltr'>Rnlph</span> <span class='ocrx_word' id='word_1_300' title='bbox 1329 4160 1421 4219; x_wconf 88' lang='lat' dir='ltr'>Nevill,</span> <span class='ocrx_word' id='word_1_301' title='bbox 1441 4160 1491 4210; x_wconf 85' lang='lat' dir='ltr'>first</span> <span class='ocrx_word' id='word_1_302' title='bbox 1511 4159 1562 4210; x_wconf 85' lang='lat' dir='ltr'>earl</span> <span class='ocrx_word' id='word_1_303' title='bbox 1582 4159 1613 4208; x_wconf 82' lang='lat' dir='ltr'>oi</span> <span class='ocrx_word' id='word_1_304' title='bbox 1627 4157 1819 4216; x_wconf 87' lang='lat' dir='ltr'>Westmorland,</span> 
     </span>
     <span class='ocr_line' id='line_1_32' title="bbox 463 4241 1322 4310; baseline 0.005 -20"><span class='ocrx_word' id='word_1_305' title='bbox 463 4241 511 4291; x_wconf 76' lang='lat' dir='ltr'>and</span> <span class='ocrx_word' id='word_1_306' title='bbox 523 4242 636 4294; x_wconf 82' lang='lat' dir='ltr'>&#39;I&#39;homas</span> <span class='ocrx_word' id='word_1_307' title='bbox 648 4244 780 4310; x_wconf 76' lang='lat' dir='ltr'>Moubmy,</span> <span class='ocrx_word' id='word_1_308' title='bbox 793 4245 844 4296; x_wconf 87' lang='lat' dir='ltr'>earl</span> <span class='ocrx_word' id='word_1_309' title='bbox 856 4244 973 4302; x_wconf 83' lang='lat' dir='ltr'>marshal,</span> <span class='ocrx_word' id='word_1_310' title='bbox 986 4244 1044 4294; x_wconf 83' lang='lat' dir='ltr'>who</span> <span class='ocrx_word' id='word_1_311' title='bbox 1056 4259 1107 4294; x_wconf 80' lang='lat' dir='ltr'>was</span> <span class='ocrx_word' id='word_1_312' title='bbox 1118 4243 1236 4294; x_wconf 82' lang='lat' dir='ltr'>executed</span> <span class='ocrx_word' id='word_1_313' title='bbox 1252 4256 1322 4309; x_wconf 87' lang='lat'>1405.</span> 
     </span>
    </p>
   </div>
   <div class='ocr_carea' id='block_1_6' title="bbox 0 0 2178 4936">
    <p class='ocr_par' dir='ltr' id='par_1_6' title="bbox 0 0 2178 4936">
     <span class='ocr_line' id='line_1_33' title="bbox 0 0 2178 4936; baseline 0 0"><span class='ocrx_word' id='word_1_314' title='bbox 0 0 2178 4936; x_wconf 95' lang='lat' dir='ltr'> </span> 
     </span>
    </p>
   </div>
  </div>
 </body>
</html>
