4338 4936
482 407 523 488 56
855 414 954 470 LOCI
979 414 1009 468 E
1038 414 1162 469 LIBRO
1198 415 1453 470 VERITATUM.

481 631 661 714 Jeronimo,
670 629 754 694 libro
770 651 830 694 suo
846 629 921 711 xvj⁰
934 651 1032 713 super
1043 629 1190 705 Ysaiam,
1202 630 1258 712 qui
1274 629 1454 694 inhabilem
1465 627 1518 694 vel
1535 648 1600 692 non
1617 628 1831 692 sufficientem

480 753 620 831 ordinat,
635 752 687 818 vel
711 752 851 817 ordinari
872 761 1025 836 procurat
1046 752 1079 815 in
1095 752 1238 815 officium
1254 752 1409 830 ecclesiae,
1425 771 1499 815 reus
1515 759 1565 814 est
1581 749 1741 813 malorum
1757 768 1832 830 quae

481 895 542 957 per
560 873 663 938 talem
684 874 888 955 perveniunt,
906 883 940 937 et
955 873 1140 936 omissionis
1158 873 1320 937 bonorum
1335 893 1410 954 quae
1432 892 1453 935 a
1475 871 1647 936 sufficienti
1672 878 1706 934 et
1725 890 1746 933 a
1762 870 1833 932 viro

482 994 547 1059 Dei
574 993 802 1076 pervenirent3
836 994 913 1076 quia
942 994 969 1056 si
999 992 1163 1071 ordinans,
1193 1013 1251 1055 seu
1289 992 1423 1076 eligens,
1449 1001 1483 1057 et
1521 1011 1697 1074 procurans
1730 989 1832 1054 talem

481 1115 633 1192 ordinari,
652 1114 802 1178 debitum
825 1134 921 1177 suum
944 1134 1055 1178 coram
1076 1115 1150 1177 Deo
1171 1113 1332 1192 iecissent,
1348 1135 1409 1178 nec
1425 1113 1504 1178 talia
1519 1113 1607 1178 mala
1622 1135 1667 1179 ex
1681 1121 1757 1177 actu
1772 1131 1832 1175 suo

481 1245 704 1316 sequerentur,
720 1254 780 1298 nec
803 1244 854 1298 tot
875 1235 964 1298 bona
985 1255 1085 1317 opera
1107 1234 1221 1298 debita
1243 1233 1312 1298 fieri
1335 1235 1573 1312 omitterentur,
1589 1245 1622 1299 et
1640 1238 1667 1300 si
1683 1234 1832 1299 debitum

480 1374 576 1418 suum
591 1355 744 1419 iecissent
763 1363 842 1418 ante
862 1356 1116 1434 ordinacionem,
1131 1355 1211 1418 talia
1230 1355 1317 1420 mala
1338 1355 1575 1437 praevidissent.
1630 1356 1725 1418 Heu!
1749 1365 1831 1437 quot

481 1475 611 1557 patroni
638 1475 849 1540 ecclesiarum
874 1486 907 1540 et
937 1479 1115 1541 intrusores
1137 1477 1348 1560 praelatorum
1374 1487 1407 1541 et
1434 1487 1606 1555 rectorum,
1629 1488 1663 1542 et
1683 1477 1831 1558 judicum

481 1605 515 1660 et
537 1596 765 1660 officiariorum
788 1618 848 1680 pro
871 1597 959 1662 lacto
981 1618 1042 1660 suo
1069 1598 1157 1662 malo
1182 1600 1215 1661 in
1241 1619 1300 1662 sua
1328 1599 1416 1663 mala
1438 1600 1648 1664 ordinacione
1670 1599 1831 1662 malorum

482 1718 637 1798 capitum,
661 1717 694 1780 id
718 1725 778 1796 est,
800 1717 925 1801 populo
949 1718 1022 1795 Dei,
1046 1718 1154 1781 dicere
1177 1729 1315 1800 possunt
1338 1723 1463 1805 populo
1485 1721 1614 1796 erranti,
1637 1731 1670 1784 et
1692 1740 1750 1803 per
1774 1740 1832 1784 eos

482 1837 569 1916 laeso,
594 1837 675 1902 ‘Per
689 1859 766 1902 eum
781 1859 881 1920 quem
898 1838 1052 1903 dedimus
1065 1839 1159 1902 vobis
1177 1839 1450 1907 circumvenimus
1464 1839 1543 1919 vos‚'
1565 1843 1586 1905 i.
1598 1863 1626 1905 e.
1650 1841 1831 1922 decipimus

480 1979 539 2020 vos
555 1966 670 2021 contra
685 1967 833 2022 sanctam
849 1958 1064 2023 collationem
1076 1960 1274 2025 sanctissimi
1289 1963 1380 2026 Pauli
1396 1961 1562 2039 iacientes,
1574 1963 1629 2043 qui
1645 1961 1831 2025 consimiles

480 2077 541 2141 sibi
556 2078 712 2142 ordinans
734 2079 767 2142 in
786 2081 958 2162 episcopos
980 2089 1014 2144 et
1037 2090 1180 2144 rectores
1202 2084 1385 2145 animarum
1408 2081 1495 2144 dixit
1517 2089 1550 2144 2⁸
1567 2082 1611 2144 ad
1635 2081 1831 2146 Corintheos

484 2205 545 2276 12⁰,
569 2200 747 2281 ‘Nunquid
769 2220 828 2283 per
853 2200 998 2282 aliquem
1018 2221 1140 2276 eorum,
1159 2222 1243 2284 quos
1264 2201 1336 2264 misi
1356 2201 1400 2264 ad
1420 2221 1488 2280 vos,
1512 2201 1708 2265 circumveni
1728 2199 1830 2266 vos?’

480 2321 660 2385 ostendens
686 2321 776 2404 quod
804 2341 869 2385 non
894 2322 1026 2405 decepit
1049 2343 1115 2399 eos,
1142 2333 1176 2387 et
1203 2341 1334 2386 causam
1362 2322 1479 2399 reddit,
1504 2322 1683 2403 ‘Nunquid
1711 2323 1829 2387 eodem

480 2441 596 2523 spiritu
631 2451 664 2505 et
695 2441 820 2506 eisdem
854 2443 1000 2525 vestigiis
1034 2440 1282 2506 ambulamus?‘
1318 2441 1382 2506 hoc
1412 2442 1501 2505 enim
1531 2453 1703 2525 peccatum
1734 2443 1830 2507 malae

480 2561 700 2643 promocionis
725 2562 891 2645 praecipue
915 2571 1011 2645 optat
1035 2563 1186 2628 diabolus
1210 2573 1243 2628 et
1266 2572 1427 2645 procurat,
1449 2564 1527 2645 quia
1554 2572 1632 2626 tunc
1657 2583 1717 2626 nec
1744 2564 1831 2629 mala

480 2681 701 2758 destruuntur,
717 2701 778 2746 nec
802 2682 1032 2765 impediuntur,
1050 2704 1111 2747 nec
1132 2683 1221 2748 bona
1239 2703 1340 2766 opera
1361 2683 1453 2762 fiunt,
1470 2704 1545 2766 quae
1561 2681 1700 2762 fierent;
1724 2684 1830 2748 malus

480 2802 568 2864 enim
588 2810 695 2866 rector
708 2823 766 2866 seu
783 2802 889 2867 malus
912 2805 1093 2887 praesidens
1116 2804 1205 2869 mala
1220 2804 1307 2882 lacit,
1323 2812 1356 2868 et
1373 2805 1463 2868 bona
1478 2803 1592 2868 debita
1608 2803 1678 2868 fieri
1693 2805 1829 2881 omittit,

480 2931 513 2986 et
537 2921 625 2986 mala
647 2943 714 2986 non
737 2923 885 3002 destruit,
906 2934 940 2989 et
961 2946 1021 3007 per
1044 2946 1121 2990 eum
1143 2936 1177 2991 et
1201 2946 1260 3008 per
1284 2933 1360 2988 acta
1384 2923 1455 3006 ejus
1478 2924 1623 2990 malain
1643 2925 1715 2989 aliis
1737 2925 1828 3004 fiunt,

480 3051 514 3106 et
530 3041 624 3124 plura
639 3063 741 3126 opera
755 3044 843 3108 bona
859 3045 892 3107 in
914 3045 987 3128 ipso
1010 3056 1044 3110 et
1065 3067 1126 3128 per
1145 3047 1252 3130 ipsum
1271 3047 1304 3109 in
1321 3045 1393 3110 aliis
1408 3046 1615 3121 omittuntur,
1631 3055 1667 3110 ut
1690 3054 1830 3109 testatur

481 3161 624 3227 Sanctus
646 3163 832 3245 Jeronimus
857 3186 956 3249 super
976 3167 1200 3232 Ecclesiasten
1221 3173 1274 3230 ca⁰
1296 3167 1426 3231 decimo
1444 3177 1567 3245 textus,
1583 3167 1664 3229 ‘Est
1687 3164 1829 3244 malum,’

480 3282 586 3366 inquit
602 3283 769 3363 Salomon,
787 3286 893 3368 ‘quod
909 3287 976 3352 vidi
999 3288 1060 3351 sub
1075 3287 1154 3366 sole,
1169 3287 1262 3369 quasi
1279 3307 1338 3370 per
1352 3308 1495 3353 errorem
1511 3285 1683 3370 egrediens
1704 3307 1724 3350 a
1747 3285 1829 3383 lacie

480 3403 644 3487 principis,
659 3407 803 3487 positum
827 3406 966 3472 stultum
989 3408 1023 3471 in
1046 3408 1210 3490 dignitate
1232 3407 1372 3486 sublimi,
1388 3418 1422 3472 et
1444 3407 1570 3485 divites,
1586 3427 1631 3470 sc.
1654 3406 1687 3469 in
1709 3406 1829 3470 virtute

480 3523 573 3586 etin
603 3525 752 3604 sciencia,
773 3529 890 3592 sedere
921 3527 1085 3604 deorsum,
1113 3537 1146 3592 et
1176 3549 1286 3592 servos
1312 3548 1411 3610 super
1434 3549 1544 3611 equos,
1568 3547 1622 3590 sc,
1641 3526 1767 3610 peccati
1794 3535 1828 3590 et

480 3642 686 3725 ignoranciae,
710 3655 744 3711 et
766 3647 930 3730 principes
952 3648 1169 3728 ambulantes,
1191 3668 1236 3713 sc.
1258 3647 1415 3714 virtutum
1438 3657 1472 3712 et
1494 3647 1715 3725 sciendarum,
1733 3647 1828 3730 quasi

479 3765 564 3827 servi
579 3785 678 3849 super
690 3775 811 3832 terram
823 3763 847 3845 ;’
870 3768 1088 3834 Ecclesiastes
1102 3769 1231 3833 decimo
1247 3769 1400 3852 capitulo.
1439 3769 1531 3833 Mala
1546 3769 1634 3832 enim
1650 3768 1828 3852 promoci0,

479 3886 613 3966 quando
634 3885 736 3951 homo
758 3889 889 3954 ordinat
910 3889 1070 3954 festucam
1093 3890 1149 3952 ubi
1171 3900 1309 3972 poneret
1331 3888 1551 3971 columpnam,
1574 3890 1632 3953 ie.
1655 3888 1712 3970 qui
1734 3889 1829 3970 ponit

479 4003 634 4082 debilem,
645 4006 792 4088 inscium,
802 4009 976 4088 carnalem,
986 4020 1020 4076 et
1030 4019 1228 4093 torpentem,
1239 4011 1295 4074 ubi
1308 4019 1444 4092 poneret
1457 4011 1624 4084 scientem,
1636 4009 1828 4086 virtuosum,

478 4134 512 4188 et
539 4126 646 4190 zelum
667 4129 852 4194 animarum
876 4131 1074 4210 habentem;
1108 4153 1158 4195 vae
1188 4131 1254 4196 illi!
1289 4131 1366 4214 quia
1391 4153 1475 4215 opus
1501 4130 1575 4209 Dei,
1595 4129 1707 4207 immo,
1733 4129 1828 4212 plura

478 4267 579 4328 opera
607 4247 680 4326 Dei,
702 4269 762 4331 per
787 4249 887 4315 talem
915 4251 1126 4336 negliguntur
1149 4262 1183 4318 et
1207 4253 1414 4317 omittuntur.
1460 4246 1697 4329 ‘Maledictus'
1723 4250 1829 4333 inquit
