4378 4936
503 393 565 460 154
877 393 976 448 LOCI
1002 393 1031 446 E
1060 393 1185 448 LlBlr'O
1220 395 1481 451 VERITATUM.

506 620 571 665 non
594 623 692 669 omne
715 608 805 689 quod
829 617 879 671 est
898 608 1038 672 volitum
1056 628 1156 692 super
1177 619 1297 673 terram
1322 617 1372 672 est
1392 609 1530 672 volitum
1554 609 1586 672 in
1609 610 1705 674 coelo.
1733 610 1856 693 Aliqui

507 723 596 788 enim
622 728 760 793 credunt
780 730 871 811 quod
894 731 983 794 curia
1010 730 1164 793 Romana
1187 739 1239 794 est
1261 730 1308 792 ita
1332 730 1453 812 cupida
1475 731 1565 812 quod
1588 730 1615 793 si
1638 751 1725 815 papa
1748 743 1855 814 neget,

506 843 559 908 vel
590 867 657 912 non
685 849 765 914 velit
794 851 909 929 lacere,
939 872 1000 916 nec
1030 852 1212 916 concedere
1240 849 1298 915 illa
1328 871 1373 914 cx
1402 852 1522 934 quibus
1552 854 1700 935 sequitur
1729 852 1855 918 lucrum

505 970 694 1047 curtesanis,
723 974 812 1054 quod
842 981 921 1036 tunc
946 971 1091 1036 officiarii
1118 981 1153 1036 et
1182 972 1348 1036 curtesani
1375 973 1484 1055 ipsum
1512 993 1634 1057 papam
1660 973 1856 1038 interficient

505 1089 646 1170 publice,
667 1093 720 1156 vel
744 1094 975 1158 intoxicabunt
995 1114 1071 1157 eum
1094 1094 1137 1156 ad
1161 1102 1303 1157 mortem
1326 1093 1464 1158 occulte.
1510 1094 1600 1158 Infra
1621 1115 1745 1177 paucos
1768 1095 1854 1159 enim

504 1229 610 1274 annos
634 1213 897 1280 intoxicavemnt
919 1214 1154 1279 Alexandrum
1177 1235 1309 1297 papam,
1328 1225 1362 1279 et
1388 1215 1492 1279 eciam
1514 1215 1701 1299 Eugenium
1722 1236 1854 1300 papam,

506 1340 543 1394 ut
565 1333 743 1400 dicebatur.
789 1337 843 1401 De
858 1335 1057 1400 Alexandro
1080 1335 1254 1400 constabat
1275 1337 1365 1418 quod
1381 1336 1551 1416 Johannes
1572 1358 1661 1420 papa
1683 1353 1723 1418 23
1746 1337 1854 1419 ipsum

502 1450 737 1520 Alexandrum
761 1458 935 1522 intoxicari
957 1456 1043 1534 lecit,
1063 1466 1100 1520 ut
1124 1457 1195 1538 ipse
1217 1455 1387 1537 Johannes
1412 1467 1499 1522 esset
1529 1478 1637 1540 papa;
1668 1467 1701 1520 et
1724 1457 1771 1522 sic
1793 1456 1855 1522 fuit

502 1595 590 1658 papa
612 1575 735 1643 electus
757 1599 817 1660 per
839 1577 1040 1644 cardinales:
1064 1587 1098 1641 et
1121 1586 1238 1660 postea
1261 1578 1350 1641 idern
1364 1577 1541 1658 Johannes,
1559 1579 1592 1641 in
1610 1578 1749 1642 concilio
1766 1577 1854 1643 Con·

501 1697 686 1778 stanciensi,
709 1699 771 1764 luit
795 1699 966 1782 depositus
985 1721 1006 1763 a
1025 1708 1150 1781 papatu
1173 1699 1206 1760 in
1226 1708 1403 1781 perpetuos
1426 1719 1579 1778 carceres,
1598 1719 1657 1781 per
1679 1699 1853 1764 concilium

500 1818 581 1884 illud
614 1821 776 1902 generale,
810 1833 844 1886 et
874 1832 991 1904 postea
1020 1820 1131 1884 fractis
1161 1838 1221 1902 per
1250 1840 1327 1883 eum
1357 1820 1547 1896 carceribus,
1574 1820 1739 1885 Martinus
1766 1840 1854 1902 papa

499 1941 635 2023 quintus
659 1963 735 2006 eum
758 1943 836 2007 lecit
859 1941 1060 2007 cardinalem
1087 1941 1172 2005 circa
1202 1939 1322 2004 lestum
1347 1941 1528 2005 nativitatis
1553 1941 1669 2006 Sancti
1692 1939 1853 2022 Johannis

500 2061 670 2146 Baptistae,
693 2074 727 2128 et
754 2065 786 2128 in
813 2063 898 2128 sesto
922 2063 1103 2128 nativitatis
1126 2062 1262 2126 Domini
1289 2071 1406 2144 postea
1433 2072 1593 2145 sequente
1619 2073 1769 2128 mortuus
1792 2072 1852 2136 est,

498 2191 533 2247 et
552 2183 702 2265 sepultus
723 2184 909 2262 Florentiae,
925 2183 1137 2247 Lumbardus
1158 2183 1245 2246 enim
1266 2182 1328 2246 luit
1350 2184 1532 2248 nativitate.
1579 2184 1742 2248 Romanis
1764 2183 1851 2246 enim

498 2303 612 2368 innata
642 2314 693 2369 est
723 2306 896 2388 cupiditas,
926 2305 1068 2369 testibus
1105 2303 1250 2368 historiis
1280 2302 1404 2368 Graecis
1434 2315 1468 2368 et
1498 2304 1635 2378 Latinis,
1667 2313 1704 2367 ut
1740 2303 1852 2368 scribit

498 2423 642 2490 Sanctus
664 2426 851 2508 Jeronimus
873 2447 971 2509 super
992 2425 1050 2489 illo
1072 2435 1169 2490 textu
1192 2425 1313 2502 Ysaiae,
1335 2425 1496 2509 ‘Repleta
1519 2434 1570 2489 est
1592 2436 1680 2491 terra
1703 2422 1852 2507 argento'

497 2567 559 2629 pro
589 2548 771 2630 cupiditate
800 2548 958 2631 pecuniae.
1003 2547 1143 2628 Prosper
1172 2547 1215 2610 de
1245 2545 1426 2625 Columnis,
1455 2545 1631 2609 cardinalis
1661 2545 1789 2622 Romae,
1818 2553 1852 2610 et

498 2691 602 2754 nepos
634 2671 770 2736 Martini
804 2670 919 2753 quinti,
953 2669 1129 2732 insurrexit
1164 2679 1279 2732 contra
1313 2689 1434 2751 papam
1465 2667 1653 2750 Eugenium
1688 2677 1851 2750 quartum,

498 2811 575 2856 cum
599 2813 666 2875 quo
686 2792 749 2856 luit
770 2791 952 2872 cardinalis,
976 2799 1009 2853 et
1033 2790 1066 2858 in
1093 2791 1148 2853 die
1169 2787 1283 2854 Sancti
1309 2787 1456 2870 Gregorii
1477 2789 1681 2852 intraverunt
1704 2787 1849 2851 Romam

496 2913 551 2996 viij
576 2913 666 2978 milia
688 2923 899 2990 armatorum,
922 2912 965 2975 ad
989 2910 1207 2974 occidendum
1230 2929 1354 2991 papam
1379 2908 1575 2990 Eugenium,
1599 2929 1675 2972 cum
1702 2909 1849 2991 principe

498 3030 657 3097 Salerniae
684 3031 784 3096 fratre
810 3031 960 3113 praedicti
986 3029 1146 3111 Prosperi.
1201 3027 1366 3090 Martinus
1389 3027 1478 3091 enim
1504 3027 1638 3110 quintus
1661 3027 1754 3091 dedit
1777 3027 1848 3110 plu·

498 3518 571 3582 nius
607 3519 747 3600 privavit
783 3516 875 3578 illum
905 3514 1101 3595 Prosperum
1131 3532 1152 3574 a
1185 3510 1398 3590 cardinalatu,
1433 3519 1467 3574 et
1500 3510 1544 3573 ab
1578 3509 1846 3573 archidiaconatu

498 3637 736 3716 Cantuariensi‚
758 3657 858 3721 quem
887 3633 943 3698 ille
972 3631 1148 3699 cardinalis
1173 3630 1291 3695 habuit
1321 3633 1353 3695 in
1381 3631 1614 3695 commendam
1640 3629 1674 3692 in
1696 3627 1846 3711 Anglia;

496 3767 531 3824 et
553 3769 640 3838 tunc,
655 3767 795 3823 vacante
818 3755 1086 3821 archidiaconatu
1108 3752 1276 3835 praedicto,
1291 3751 1444 3814 dominus
1466 3748 1730 3832 archiepiscopus
1753 3748 1845 3812 Hen-

496 3882 582 3946 ricus
599 3879 756 3947 Chichele
774 3879 867 3943 dedit
888 3877 978 3940 illum
995 3875 1295 3939 archidiaconatum
1317 3873 1430 3955 nepoti
1451 3893 1510 3936 suo
1531 3871 1689 3954 magistro
1705 3868 1845 3932 Thomae

499 4001 665 4080 Chichele,
679 4000 805 4066 doctori
821 4000 904 4082 juris
920 3996 1087 4075 canonici3
1111 4004 1145 4060 et
1160 4004 1247 4074 tunc,
1263 3993 1429 4058 instanciis
1451 4002 1484 4057 et
1501 4002 1590 4058 metu
1608 3993 1845 4068 Romanorum,

496 4143 586 4206 papa
611 4122 781 4206 Eugenius
803 4119 888 4202 iiij‘u
914 4117 1057 4182 restituit
1085 4117 1281 4200 praedictum
1309 4115 1505 4198 Prosperum
1532 4115 1565 4178 in
1595 4111 1843 4186 cardinalatum,

495 4253 530 4308 et
561 4244 594 4306 in
624 4243 737 4306 omnia
765 4239 923 4306 beneficia
953 4239 1072 4323 quibus
1104 4259 1180 4304 eum
1211 4247 1308 4302 antea
1339 4237 1543 4319 privaverat3
1574 4235 1631 4298 sed
1667 4231 1845 4314 praedictus
