4378 4936
733 398 832 452 LOCI
857 399 887 451 E
916 399 1041 454 LIBRO
1076 399 1335 456 VERITATUM.
1653 407 1713 474 105

360 615 497 680 Canaan
526 615 692 696 praedixit,
723 617 802 698 quia
833 618 865 680 in
896 619 1013 701 spiritu
1042 617 1134 683 novit
1163 621 1253 702 quod
1284 628 1371 682 esset
1401 619 1549 682 imitator
1583 619 1713 700 paterni

358 735 497 814 sceleris,
515 755 560 800 sc.
580 734 672 814 Cain,
687 739 744 818 qui
766 738 835 803 risit
854 739 970 803 videns
990 742 1134 804 verenda
1155 741 1261 822 patris
1281 741 1330 803 sui
1352 739 1427 802 Noe'
1450 741 1548 818 nuda,
1563 750 1597 804 et
1619 747 1714 820 patet

358 856 499 922 Genesis
515 878 603 922 nono
618 864 679 921 ca0.
692 883 700 936 3
724 879 802 941 ergo
818 860 1014 925 maledictus
1029 873 1080 926 est
1095 883 1116 925 a
1132 862 1279 925 Domino
1295 881 1361 924 non
1377 860 1484 924 solum
1496 861 1552 942 qui
1569 881 1608 924 ea
1622 859 1714 924 videt

357 979 402 1042 ad
425 979 684 1042 delectacionem
707 979 839 1058 malam,
862 983 922 1045 sed
945 983 1048 1046 eciam
1072 984 1129 1066 qui
1156 1005 1195 1047 ea
1217 983 1363 1046 ostendit
1386 981 1442 1045 illa
1464 983 1507 1044 de
1530 1001 1648 1060 causa;
1679 989 1713 1044 et

358 1101 434 1165 ideo
455 1100 598 1166 Sanctus
615 1101 779 1165 Martinus
799 1102 967 1184 prohibuit
988 1105 1068 1168 talia
1089 1106 1224 1169 revelari
1243 1105 1276 1168 ln
1297 1125 1363 1167 uno
1384 1124 1479 1167 servo
1498 1124 1559 1166 suo
1576 1104 1713 1166 sedente

356 1221 454 1303 juxta
477 1222 598 1304 ignem,
621 1231 659 1286 ut
680 1231 774 1304 patet
797 1223 831 1286 in
853 1225 922 1288 vita
944 1245 1013 1289 sua.

447 1343 544 1420 Item,
567 1343 733 1406 Dominus
755 1344 931 1426 prohibuit,
955 1345 1093 1410 LevitIci
1118 1353 1182 1422 20⁰,
1207 1345 1286 1410 talia
1309 1345 1458 1410 membra
1480 1345 1621 1409 ostendi.

446 1461 542 1536 Item,
558 1460 674 1524 Adam
696 1473 729 1526 et
753 1459 825 1526 Eva
848 1474 925 1545 post
947 1477 1120 1547 peccatum
1143 1485 1239 1529 suum
1262 1465 1499 1529 erubescebant
1517 1465 1631 1527 videre
1654 1481 1714 1526 sua

358 1584 490 1666 propria
517 1583 666 1648 membra
692 1593 826 1662 secreta,
849 1595 883 1648 et
909 1586 985 1649 ideo
1011 1587 1067 1650 illa
1094 1588 1252 1669 tegebant
1277 1586 1363 1650 soliis
1389 1585 1521 1660 ficuum,
1551 1591 1712 1648 noverunt

358 1705 447 1768 enim
468 1706 558 1788 quod
579 1725 694 1768 ornnes
714 1706 837 1788 posteri
860 1708 1011 1790 concepti
1030 1718 1063 1773 et
1086 1710 1155 1773 nati
1177 1729 1221 1773 ex
1244 1708 1308 1780 illis
1331 1707 1487 1772 membris
1510 1715 1619 1770 essent
1641 1704 1712 1768 nati

358 1825 392 1887 in
419 1835 556 1907 peccato
581 1825 738 1907 originali,
761 1838 796 1890 et
819 1829 910 1908 quod
940 1838 1049 1892 essent
1075 1828 1132 1891 filii
1159 1829 1224 1907 irae,
1246 1829 1266 1893 i.
1276 1849 1304 1891 e.
1328 1826 1598 1910 dampnacionis3
1628 1825 1712 1888 sicut

358 1963 419 2008 nos
444 1945 515 2027 jam
550 1965 664 2008 sumus
692 1955 771 2010 ante
800 1947 1012 2029 baptismum,
1043 1949 1104 2012 nisi
1141 1969 1184 2012 ex
1214 1949 1324 2031 gracia
1355 1947 1420 2011 Dei
1449 1945 1584 2029 speciali
1614 1945 1712 2008 suerit

358 2067 470 2148 aliqua
487 2087 629 2148 persona
652 2068 817 2132 custodita
840 2068 925 2132 sicut
946 2070 1089 2133 creditur
1108 2070 1150 2132 de
1172 2069 1273 2133 beata
1292 2068 1407 2145 Maria,
1425 2086 1556 2148 semper
1577 2065 1711 2147 virgine,

357 2206 433 2268 quae
459 2186 521 2250 luit
547 2186 594 2250 ita
617 2206 700 2268 pura
726 2187 759 2249 in
785 2187 856 2269 ejus
878 2189 1012 2272 origine,
1037 2197 1074 2252 ut
1096 2190 1248 2268 creditur,
1270 2208 1331 2271 per
1354 2189 1509 2270 graciam,
1531 2187 1615 2250 sicut
1639 2185 1711 2249 Eva

358 2307 429 2386 luit,
452 2310 558 2390 prima
580 2307 706 2373 mulier.

445 2430 637 2494 Fornicacio
665 2439 777 2494 autem
803 2441 837 2496 et
866 2441 960 2496 actus
990 2433 1117 2515 copulae
1147 2432 1286 2497 carnalis
1317 2431 1396 2496 lacit
1417 2430 1586 2494 hominem
1608 2425 1710 2490 besti·

357 2553 444 2616 alem
467 2560 501 2616 et
523 2551 742 2634 impotentem
765 2553 885 2616 mentis
908 2573 977 2615 suae
997 2553 1147 2636 propriae.

445 2671 540 2749 Item,
567 2691 632 2736 non
662 2673 824 2754 permittit
853 2672 1022 2738 hominem
1053 2695 1113 2757 pro
1143 2683 1294 2757 ternpore
1323 2673 1411 2737 illius
1441 2680 1536 2735 actus
1565 2669 1711 2750 cogitare

357 2793 448 2858 aruo
470 2811 572 2877 quam
595 2793 675 2857 nrm
699 2795 821 2877 inquo
843 2795 1018 2859 carnanter
1039 2761 1233 2861 dilatatur.

445 2915 542 2994 Item,
562 2935 628 2978 non
649 2915 813 2998 permittit
831 2915 1000 2980 hominem
1024 2918 1232 2982 considerare
1254 2917 1365 2982 sutura
1387 2915 1483 2990 mala,
1502 2914 1536 2976 in
1555 2933 1630 2995 quae
1653 2929 1712 2994 per

357 3045 531 3118 peccatum
553 3055 649 3099 suum
672 3036 814 3115 Incurrit,
835 3046 874 3108 ,ut
896 3047 989 3120 patet
1012 3037 1114 3102 Lucae
1140 3044 1202 3118 15⁰,
1226 3040 1268 3103 de
1291 3037 1360 3101 filio
1383 3037 1534 3119 prodigo.

446 3158 542 3236 Item,
571 3166 684 3222 causat
714 3157 748 3220 in
783 3157 917 3221 homine
951 3159 1121 3242 passiones
1151 3159 1304 3223 arteticas
1334 3166 1368 3221 et
1398 3157 1471 3220 illas
1504 3153 1711 3218 infirmitates

356 3296 433 3362 quae
455 3287 632 3343 causantur
653 3299 698 3342 ex
720 3279 822 3342 nimia
844 3279 1057 3344 resolucione.

446 3399 543 3478 Item,
557 3409 672 3464 causat
688 3400 721 3462 in
736 3400 828 3482 prole
844 3410 1005 3484 concepta
1021 3401 1174 3463 morbum
1189 3398 1444 3476 haereditarium,
1456 3405 1490 3461 et
1505 3392 1710 3460 consImilem

357 3520 607 3584 inclinacionem
631 3531 665 3584 et
689 3521 952 3604 disposicionem,
975 3521 1081 3602 qualis
1106 3521 1168 3585 luit
1191 3521 1224 3582 in
1250 3529 1439 3603 generante,
1460 3517 1514 3581 vel
1540 3516 1574 3578 in
1600 3515 1709 3579 conci·

357 3640 479 3723 piente,
503 3641 654 3723 quamvis
676 3641 760 3706 lorte
786 3642 896 3723 proles
921 3661 1091 3724 nunquam
1117 3642 1228 3705 videat
1251 3651 1382 3722 patrem
1408 3659 1468 3702 nec
1491 3647 1641 3711 matrem,
1664 3653 1710 3697 ex

357 3782 425 3844 quo
453 3770 547 3844 patet
576 3764 667 3844 quod
697 3763 873 3846 disposicio
903 3773 1017 3827 manet
1049 3765 1082 3826 in
1115 3763 1250 3838 semine,
1281 3763 1369 3826 unde
1402 3769 1531 3844 patrem
1561 3755 1710 3839 sequitur

357 3901 417 3946 sua
439 3882 557 3965 proles.

446 4003 541 4078 Item,
570 4022 635 4066 non
665 4003 743 4067 sinit
768 4003 937 4068 hominem
967 4023 1048 4086 pure
1075 4005 1220 4087 cogitare
1246 4025 1320 4087 quae
1347 4003 1411 4066 Dei
1442 4009 1518 4064 sunt
1549 4019 1607 4063 nec
1634 4019 1709 4082 quae

359 4122 469 4188 lutura
491 4133 577 4202 sunt,
601 4133 634 4187 et
656 4123 703 4187 sic
724 4125 873 4206 sequitur
895 4146 938 4188 ex
962 4147 1002 4189 eo
1025 4127 1156 4191 caecitas
1179 4127 1300 4190 mentis
1324 4134 1357 4189 et
1379 4123 1532 4187 debilitas
1554 4120 1687 4186 cerebri.

444 4251 478 4319 [p.
495 4252 564 4320 με]
623 4251 831 4309 Foruioaoio.
891 4245 1004 4310 Bonus
1035 4246 1223 4312 Willelmus
1256 4247 1299 4311 de
1335 4244 1510 4323 Cornubia,
1548 4241 1710 4307 heremita

1025 4363 1044 4410 P
