4338 4936
500 368 519 430 8
879 377 979 430 LOCI
1003 377 1033 429 E
1061 377 1185 431 LIBRO
1222 379 1479 434 VERITATUM.

498 594 551 657 vel
582 593 682 657 nimia
715 591 966 676 importunitate
995 592 1142 669 vincitur,
1172 602 1208 656 ut
1244 603 1384 657 testatur
1418 594 1560 658 Sanctus
1596 595 1781 658 Bernardus
1816 596 1849 659 in

498 714 639 798 epistola
667 713 826 796 praedicta
854 733 929 795 quae
960 713 1084 795 incipit,
1112 714 1159 775 ‘si
1190 733 1338 778 maneres
1368 716 1402 776 in
1432 711 1588 779 caritate.'
1642 715 1729 778 Novi
1760 715 1848 778 enim

498 833 631 917 quando
661 855 748 918 papa
780 835 959 911 Romanus,
987 834 1088 896 nimia
1119 834 1367 916 importunitate
1398 836 1593 899 instancium
1625 857 1684 918 pro
1714 835 1848 900 licencia

496 955 652 1020 habenda
663 955 830 1038 fatigatus,
843 955 929 1018 dixit
944 955 1136 1032 astantibus,
1149 956 1208 1018 ‘ad
1225 956 1395 1019 diabolum
1408 956 1466 1019 fiat
1481 965 1517 1019 ut
1532 953 1672 1039 petitur,’
1685 968 1718 1021 et
1734 959 1847 1021 statim

498 1097 542 1140 ex
565 1077 624 1142 tali
647 1078 858 1141 concessione
882 1085 1015 1140 extorta
1045 1075 1146 1140 fiebat
1168 1076 1256 1140 bella
1279 1073 1350 1161 (sic)
1373 1077 1500 1159 papalis
1526 1077 1676 1160 sigillata,
1702 1088 1735 1141 et
1760 1079 1845 1161 epis·

496 1217 599 1280 copus
629 1198 685 1279 qui
715 1197 760 1260 ibi
791 1197 937 1261 interfuit
967 1207 1000 1260 et
1029 1198 1111 1260 vidit
1145 1196 1224 1260 mihi
1255 1199 1380 1261 doctori
1416 1197 1641 1261 testimonium
1671 1199 1844 1281 perhibuit.

497 1318 529 1383 O
555 1317 663 1400 qualis
693 1326 744 1381 est
775 1317 838 1380 ista
868 1317 992 1382 vocalis
1020 1309 1207 1382 concessio!
1253 1317 1434 1400 Nunquam
1464 1318 1540 1382 talis
1569 1320 1734 1383 concessio
1764 1318 1845 1401 ligat

497 1439 617 1512 Deum,
641 1447 677 1500 ut
700 1447 814 1501 contra
833 1437 957 1519 judicia
979 1459 1037 1500 sua
1059 1438 1158 1502 saciat
1177 1438 1356 1519 justificata
1382 1439 1415 1501 in
1442 1439 1636 1521 semetipsis,
1659 1439 1756 1522 plane
1780 1459 1845 1502 non

495 1568 614 1642 potest.

581 1689 618 1756 [p.
641 1688 707 1754 un]
754 1688 896 1744 Bellum.
943 1679 1044 1742 Anno
1069 1679 1128 1743 Xti
1155 1679 1234 1759 Jesu
1262 1677 1344 1757 1456
1371 1678 1432 1741 fuit
1461 1679 1586 1742 bellum
1618 1680 1681 1744 Dei
1712 1689 1744 1743 et
1774 1679 1844 1762 ejus

493 1801 629 1865 victoria
661 1810 795 1865 ostensa
831 1801 864 1863 in
897 1801 1010 1882 paucis
1044 1797 1177 1863 Xtianis
1208 1800 1242 1861 in
1272 1819 1374 1880 regno
1405 1799 1587 1883 Hungariae
1620 1801 1845 1882 pugnantibus

494 1919 537 1984 ibi
569 1931 682 1986 contra
713 1921 890 1985 maledicos
920 1919 1046 1984 Turcos
1076 1929 1109 1983 et
1140 1939 1252 1983 eorum
1286 1919 1526 2001 imperatorem,
1556 1921 1613 2002 qui
1642 1931 1720 1985 ante
1750 1921 1842 1984 illum

492 2061 615 2104 annum
640 2042 758 2106 invasit
786 2049 820 2105 et
846 2041 990 2105 obtinuit
1015 2039 1181 2104 civitatem
1208 2039 1543 2122 Constantinopolim,
1565 2041 1643 2122 quia
1665 2041 1843 2125 imperator

492 2162 694 2239 intendebat,
717 2171 753 2225 ut
783 2161 880 2236 dixit,
904 2159 1015 2225 delere
1040 2180 1161 2223 nomen
1188 2160 1267 2240 Jesu
1296 2160 1356 2224 Xti
1386 2161 1447 2224 sub
1474 2159 1570 2236 coelo,
1592 2161 1670 2243 quia
1696 2161 1782 2225 clam
1808 2171 1842 2225 et

492 2282 611 2346 furtive
637 2283 770 2346 intravit
797 2301 856 2372 per
879 2300 970 2344 mare
994 2280 1027 2343 in
1051 2280 1251 2360 Danubium,
1273 2279 1409 2344 fluvium
1436 2301 1602 2363 magnum,
1627 2293 1660 2346 et
1685 2283 1717 2344 in
1745 2292 1842 2346 nocte

491 2413 570 2467 ante
585 2403 732 2487 vigiliam
749 2402 863 2466 Beatae
880 2399 996 2465 Mariae
1018 2401 1239 2483 Magdalenae.
1285 2401 1439 2464 Dimissis
1457 2401 1560 2483 galeis
1579 2403 1645 2466 suis
1667 2403 1700 2464 in
1719 2423 1841 2484 aquam

492 2523 693 2600 Danubium,
717 2523 849 2587 intravit
876 2523 909 2585 in
941 2541 1078 2604 regnum
1111 2521 1292 2604 Hungariae
1319 2542 1394 2586 cum
1421 2543 1481 2586 suo
1512 2523 1658 2588 exercitu
1689 2523 1779 2587 malo
1808 2531 1842 2587 et

492 2663 622 2726 magno,
637 2652 671 2706 et
689 2644 777 2707 iacto
796 2643 841 2706 ibi
862 2642 985 2706 insultu
1005 2663 1066 2706 suo
1086 2651 1201 2706 contra
1216 2651 1358 2706 castrum
1374 2653 1529 2706 vocatum
1544 2642 1665 2707 Altum
1682 2642 1840 2722 Gradum,

491 2772 525 2828 et
548 2773 662 2828 contra
684 2763 797 2828 villam
824 2765 853 2826 ei
880 2783 1048 2827 annexam
1071 2771 1225 2826 vocatam
1249 2763 1321 2828 Cris
1343 2763 1585 2847 Wissenberge,
1607 2765 1658 2828 ie.
1682 2763 1741 2827 Xti
1763 2764 1840 2828 alba

490 2884 578 2960 villa,
598 2884 792 2967 pugnabant
813 2884 846 2947 in
868 2883 981 2966 vigilia
1003 2894 1037 2948 et
1061 2883 1093 2946 in
1116 2881 1202 2947 sesto
1225 2893 1348 2947 sanctae
1371 2891 1406 2947 et
1426 2884 1535 2948 beatae
1559 2884 1674 2947 Mariae
1698 2883 1839 2967 Magda-

489 3004 574 3069 lenae
597 3025 672 3077 cum
695 3014 752 3082 40·
772 3005 917 3068 millibus
940 3004 1073 3068 Xtianis
1096 3005 1138 3068 de
1162 3003 1332 3086 Hungaria
1356 3005 1555 3069 exeuntibus
1577 3015 1673 3069 extra
1695 3016 1838 3069 castrum

489 3127 684 3208 praedictum
706 3136 739 3190 et
759 3125 881 3204 villam,
896 3145 1027 3209 semper
1041 3125 1110 3188 alta
1125 3145 1205 3188 voce
1223 3124 1442 3188 clamantibus
1457 3126 1572 3206 Jesusi
1591 3125 1706 3206 Jesusi
1723 3127 1838 3208 Jesust

489 3247 625 3312 doctore
655 3246 807 3328 Johanne
838 3248 881 3311 de
912 3246 1108 3330 Capistrano
1142 3245 1265 3308 ordinis
1300 3246 1405 3310 sancti
1441 3246 1604 3312 Francisci
1641 3248 1838 3329 precedente

489 3367 632 3432 Xtianos
654 3389 729 3433 cum
753 3387 874 3452 magna
895 3387 991 3434 cruce
1013 3377 1047 3430 et
1070 3367 1234 3431 clamante
1257 3376 1291 3430 et
1315 3367 1418 3430 eciam
1441 3366 1583 3431 iaciente
1605 3367 1749 3432 Xtianos
1771 3367 1839 3432 alte
1908 3393 1916 3406 ·

488 3487 629 3554 clamare
659 3490 774 3571 Jesust
809 3489 922 3572 Jesust
955 3489 1070 3571 Jesust
1103 3487 1266 3551 continuis
1296 3487 1439 3564 vocibus,
1471 3509 1537 3570 quo
1567 3487 1665 3565 facto,
1695 3488 1774 3567 vis0,
1804 3498 1837 3552 et

488 3611 601 3675 audito
621 3632 641 3675 a
661 3611 796 3693 perfidis
812 3611 929 3675 Turcis
949 3609 1095 3692 paganis,
1111 3608 1271 3689 percussit
1292 3627 1347 3672 eos
1369 3608 1462 3671 Deus
1483 3617 1517 3671 et
1537 3629 1650 3672 eorum
1673 3609 1836 3691 perfidum

488 3731 720 3814 imperatorem
751 3739 846 3795 tanto
871 3731 990 3793 timore
1013 3737 1047 3792 et
1072 3728 1206 3792 horrore
1231 3729 1319 3810 quod
1344 3728 1510 3812 fugierunt
1533 3750 1554 3792 a
1578 3728 1661 3794 facie
1684 3727 1771 3808 Dei3
1803 3737 1837 3794 et

488 3850 646 3934 praedicta
675 3851 743 3929 40²⁵
772 3850 873 3915 millia
912 3850 1109 3914 Xtianorum
1147 3849 1336 3913 occiderunt
1371 3851 1414 3914 de
1449 3849 1513 3914 illis
1548 3849 1665 3914 Turcis
1700 3850 1838 3933 paganis

490 3981 622 4035 centum
654 3971 757 4036 millia
787 3981 821 4036 et
850 3969 917 4051 50¹⁸
943 3970 1054 4045 millia,
1082 3971 1188 4052 captis
1220 3989 1331 4034 eorum
1363 3970 1492 4054 magnis
1522 3971 1647 4034 diviciis
1673 3989 1773 4034 manu
1803 3981 1838 4036 et

488 4091 614 4155 auxilio
634 4093 700 4155 Dei
721 4092 966 4174 omnipotentis,
982 4100 1019 4154 ut
1042 4099 1183 4155 testatur
1204 4090 1237 4153 in
1259 4089 1370 4170 literis,
1386 4091 1495 4174 sigillo
1514 4111 1679 4156 armorum
1703 4112 1836 4156 suorum

489 4212 648 4294 sigillatis,
686 4215 877 4296 capitaneus
917 4213 1003 4276 illius
1040 4211 1117 4276 belli
1162 4212 1359 4276 Xtianorum
1386 4212 1552 4276 dominus
1589 4212 1758 4293 Johannes
1795 4213 1837 4277 de
