4338 4936
483 429 522 496 14
854 423 952 480 LOCI
978 421 1007 476 E
1036 422 1160 478 LIBRO
1197 421 1455 478 VERITATUM.

480 641 525 704 ibi
556 642 588 705 in
616 659 709 705 sacra
732 637 926 722 l'heologia,
953 648 987 702 et
1010 659 1069 723 per
1093 647 1202 703 totum
1228 647 1361 720 tempus
1387 635 1473 700 illius
1500 635 1670 720 regendae,
1694 655 1753 700 nec
1776 651 1836 719 per

480 772 612 845 tempus
648 782 715 844 quo
750 753 852 824 stetit'
877 759 1089 825 cancellarius
1124 757 1211 822 illius
1242 757 1474 825 Universitatis
1507 757 1597 820 nulla
1629 776 1770 840 persona
1801 757 1834 820 in

480 880 607 964 Anglia
634 881 755 964 optulit
781 881 811 945 ei
842 879 1014 945 ecclesiam
1041 879 1186 962 aliquam
1212 898 1271 942 nec
1301 877 1515 961 praebendam
1546 896 1606 941 nec
1636 877 1835 960 dignitatem

481 1022 541 1066 nec
564 1003 792 1086 episcopatum
815 1021 876 1065 nec
898 1000 1032 1083 aliquod
1058 999 1317 1064 ecclesiasticum
1340 999 1428 1062 unde
1452 1008 1565 1082 posset
1589 997 1698 1062 vivere
1723 1006 1760 1060 ut
1783 1017 1835 1060 sa·

481 1123 597 1212 cerdos
619 1121 672 1186 vel
694 1134 731 1186 ut
754 1123 933 1204 graduatus
956 1119 1101 1199 clericus
1123 1119 1180 1183 sed
1203 1119 1289 1183 vixit
1310 1128 1383 1182 toto
1406 1117 1470 1183 hoc
1494 1128 1644 1203 tempore
1670 1118 1712 1182 de
1734 1137 1835 1202 parvo

481 1263 541 1305 suo
571 1243 769 1326 patrimonio
799 1240 973 1324 temporali
1003 1241 1047 1304 ad
1077 1240 1166 1323 quod
1198 1249 1294 1304 natus
1324 1238 1394 1316 luit,
1418 1260 1458 1303 eo
1488 1240 1577 1322 quod
1608 1238 1695 1303 filius
1721 1237 1836 1302 unicus

481 1361 543 1426 suit
562 1363 594 1427 in
615 1373 721 1426 morte
736 1362 840 1446 patris
855 1361 923 1424 sui:
948 1369 982 1424 et
1005 1359 1089 1438 novi,
1105 1360 1239 1442 quando
1262 1360 1381 1423 eodem
1402 1368 1551 1443 ternpore
1571 1379 1638 1442 quo
1660 1358 1836 1442 praedictus

482 1483 599 1546 doctor
630 1482 692 1547 suit
725 1481 938 1547 cancellarius
976 1479 1120 1546 Oxoniae
1153 1480 1186 1542 in
1224 1500 1346 1562 magna
1379 1479 1468 1542 lama
1505 1479 1654 1544 scienciae
1690 1488 1724 1543 et
1756 1479 1836 1542 boni

482 1603 650 1686 regiminis
679 1603 764 1666 inter
793 1601 953 1680 homines,
984 1600 1074 1682 quod
1105 1601 1191 1664 inter
1220 1609 1347 1664 ceteros
1380 1600 1514 1682 indigne
1544 1609 1722 1682 promotos,
1752 1619 1836 1662 unus

482 1722 592 1788 fatuus
616 1721 761 1805 juvenis¹
786 1723 865 1805 xviij
882 1741 1044 1786 annorum
1072 1722 1104 1783 in
1132 1728 1232 1784 aetate
1262 1721 1409 1784 existens
1433 1719 1494 1784 suit
1522 1729 1692 1802 promotus
1717 1720 1760 1783 ad
1787 1719 1834 1802 xij

483 1843 668 1926 prebendas
690 1852 724 1906 et
746 1843 789 1906 ad
813 1861 971 1925 magnum
998 1841 1299 1906 archidiaconatum
1327 1849 1460 1906 centum
1490 1841 1645 1906 librarum
1669 1841 1702 1903 in
1726 1840 1837 1904 valore

484 1973 518 2028 et
544 1963 587 2027 ad
619 1984 717 2026 unam
744 1983 898 2046 magnam
925 1962 1108 2040 rectoriam,
1132 1970 1167 2025 et
1193 1982 1277 2025 unus
1301 1961 1455 2026 secularis
1481 1961 1583 2025 homo
1610 1962 1733 2044 recepit
1764 1961 1837 2025 red·

483 2083 573 2148 ditus
595 2085 743 2148 omnium
766 2079 1001 2148 beneficiorum
1027 2083 1260 2166 praedictorum
1284 2092 1318 2146 et
1341 2083 1502 2166 expendit
1525 2063 1612 2146 circa
1632 2082 1725 2145 illurn
1744 2081 1838 2165 juve·

484 2225 561 2268 nem
580 2213 709 2268 tantum
726 2212 887 2286 quantum
907 2203 977 2285 ipse
996 2203 1149 2267 secularis
1164 2203 1276 2280 voluit,
1293 2214 1326 2266 et
1343 2223 1512 2285 nunquam
1529 2203 1621 2268 dedit
1636 2211 1838 2285 compotum,

484 2335 518 2389 et
549 2324 604 2389 ille
630 2325 760 2406 juvenis
789 2324 850 2389 suit
880 2322 966 2388 filius
993 2324 1089 2387 unius
1115 2322 1271 2407 simplicis
1301 2323 1414 2388 militis
1444 2333 1478 2387 et
1508 2325 1600 2405 quasi
1628 2323 1746 2401 fatuus,
1770 2323 1838 2387 sere

486 2444 635 2527 quolibet
658 2445 712 2509 die
733 2444 850 2522 ebrius,
865 2465 963 2528 quem
980 2445 1026 2508 sic
1045 2445 1187 2528 episcopi
1204 2454 1447 2527 promoverunt,
1462 2454 1499 2508 ut
1520 2443 1686 2526 placerent
1707 2444 1838 2508 cuidam

487 2583 609 2648 magno
639 2565 774 2628 domino
807 2565 975 2629 mundano
1005 2585 1080 2629 curn
1111 2586 1177 2647 quo
1208 2564 1262 2628 ille
1288 2565 1418 2646 juvenis
1449 2563 1482 2627 in
1512 2573 1601 2628 statu
1632 2564 1746 2646 puerili
1777 2564 1839 2627 suit

486 2685 585 2761 lusor,
609 2693 644 2751 'et
672 2685 765 2750 stetit
791 2686 824 2748 in
855 2687 1067 2769 promocione
1093 2685 1220 2748 illarum
1244 2685 1484 2768 prebendarum
1511 2695 1545 2749 et
1569 2684 1655 2747 illius
1678 2682 1838 2748 archidia-

485 2813 624 2869 conatus
646 2825 705 2888 per
725 2827 775 2868 xx
795 2825 899 2869 annos
919 2805 996 2884 sere,
1012 2807 1045 2868 in
1068 2806 1187 2888 quibus
1206 2825 1374 2888 nunquam
1395 2805 1458 2869 fuit
1481 2806 1513 2867 in
1534 2807 1637 2888 gradu
1660 2805 1839 2870 sacerdocii

487 2921 547 2990 nec
577 2924 696 2988 habilis
722 2926 900 3007 judicatus,
927 2935 964 2989 ut
994 2927 1098 3009 possit
1128 2946 1200 2989 esse
1233 2927 1394 3004 sacerdos,
1427 2945 1488 2989 nec
1518 2945 1663 3007 unquam
1694 2924 1839 2989 residens

487 3045 550 3110 suit
571 3046 604 3108 in
625 3045 737 3129 aliqua
759 3067 818 3109 sua
840 3046 1018 3130 praebenda
1041 3066 1100 3110 nec
1123 3047 1156 3108 in
1179 3046 1446 3110 archidiaconatu
1469 3065 1529 3108 nec
1552 3045 1585 3107 in
1608 3045 1756 3120 rectoria,
1779 3045 1838 3108 sed

486 3167 598 3230 omnia
627 3166 758 3230 fuerunt
785 3187 897 3231 secum
925 3168 1115 3250 dispensata
1140 3167 1193 3230 vel
1223 3167 1383 3248 dissipata
1412 3187 1433 3229 a
1463 3166 1543 3228 sede
1574 3164 1737 3243 Romana,
1764 3185 1839 3248 quae

487 3288 655 3369 quondam
686 3286 747 3351 suit
778 3297 883 3351 mater
913 3307 1057 3352 errorum
1088 3297 1121 3351 et
1151 3287 1424 3371 supersticionum
1456 3295 1493 3349 ut
1524 3293 1666 3350 testatur
1696 3283 1840 3350 Sanctus

489 3400 561 3471 L'eo
587 3427 675 3491 papa
702 3408 735 3471 in
761 3427 911 3471 sermone
936 3428 995 3471 suo
1021 3408 1064 3471 de
1090 3408 1235 3472 martirio
1260 3406 1525 3471 beatissimorum
1553 3405 1779 3488 apostolorum
1806 3415 1840 3469 et

486 3527 661 3590 ¹martirum
683 3527 770 3591 Petri
786 3535 819 3590 et
840 3527 941 3591 Pauli.
988 3528 1073 3591 Haec
1093 3528 1252 3611 praedicta
1273 3548 1345 3591 esse
1359 3547 1436 3591 vera
1456 3546 1519 3608 ego
1539 3527 1656 3589 doctor
1670 3524 1742 3588 haec
1761 3525 1840 3589 scri-

489 3641 571 3710 bens
594 3648 670 3711 novi
693 3658 726 3711 et
750 3647 901 3712 dolenter
922 3648 993 3711 haec
1016 3669 1105 3732 saepe
1125 3648 1274 3731 cogitavi,
1291 3649 1428 3712 credens
1448 3646 1589 3728 plurima
1612 3646 1757 3729 pcenalia
1779 3647 1840 3708 im·

489 3768 613 3832 minere
636 3768 784 3832 ecclesiae
805 3769 837 3831 in
859 3789 925 3851 qua
945 3769 1042 3833 turba
1062 3768 1252 3833 dominatur
1268 3768 1410 3851 plurium
1434 3766 1606 3830 malorum.
1652 3767 1728 3849 Jam
1751 3766 1839 3830 enim

490 3889 636 3972 episcopi
666 3889 797 3972 publice
823 3890 937 3952 dicunt
964 3889 1052 3972 quod
1077 3909 1143 3953 non
1169 3899 1323 3954 tenentur
1345 3888 1532 3972 praedicare,
1556 3896 1590 3951 et
1613 3886 1685 3968 jam
1710 3886 1840 3970 publice

490 4010 614 4088 dicunt,
629 4010 718 4091 quod
744 4008 882 4092 quilibet
907 4018 1013 4073 rector
1031 4009 1084 4074 vel
1109 4010 1248 4074 vicarius
1272 4019 1322 4074 est
1348 4030 1423 4072 vere
1448 4009 1593 4072 residens
1621 4008 1653 4070 in
1678 4028 1737 4070 sua
1763 4027 1841 4071 cura

490 4130 517 4191 si
549 4130 591 4192 sit
618 4131 650 4193 in
677 4131 779 4194 domo
805 4130 949 4214 episcopi
973 4130 1025 4194 vel
1052 4131 1085 4192 in
1112 4130 1223 4213 aliquo
1254 4131 1361 4194 officio
1391 4129 1532 4192 limitato
1558 4149 1616 4210 per
1640 4129 1840 4212 episcopum,

714 4267 720 4298 ¹
738 4264 793 4314 The
805 4282 891 4328 person
904 4265 1007 4316 referred
1020 4273 1046 4316 to
1058 4283 1109 4315 was
1122 4265 1201 4316 Fulkc
1213 4265 1396 4330 Bermingham.
1430 4265 1475 4314 See
1487 4263 1523 4314 Le
1534 4264 1611 4312 Neve.
