4338 4936
734 417 832 472 coc!
859 418 888 471 E
917 418 1042 474 traso
1077 420 1332 476 vsnlrnruv.
1670 432 1708 498 71

358 629 505 713 pluribus
527 631 616 696 'locis
650 631 844 696 Xtianitatis
877 633 966 697 nulla
999 633 1059 699 luit
1096 636 1212 700 divisio
1250 637 1488 720 parochiarum,
1516 641 1575 703 sed
1609 661 1710 703 unus-

358 753 507 835 quisque,
521 753 605 818 sicut
621 754 653 817 in
670 765 818 836 tempore
830 755 984 836 Judicum
998 757 1105 835 lsrael,
1117 760 1254 822 accessit
1270 761 1313 822 ad
1329 761 1535 824 sacerdotem
1552 762 1595 825 ad
1608 782 1709 843 quem

357 874 458 938 vellet
473 877 639 953 accedere,
656 886 690 940 et
711 876 754 939 ab
770 897 810 939 eo
831 878 953 959 recepit
974 890 1187 955 sacramenta,
1205 891 1238 944 et
1255 881 1516 959 instruccionem,
1533 892 1566 946 et
1582 903 1709 946 correc-

359 998 496 1070 cionem‚
513 1009 547 1062 et
570 998 678 1061 eidem
701 999 794 1062 dedit
816 1019 892 1062 suas
915 999 1069 1078 decimas,
1086 1011 1119 1064 et
1142 1002 1321 1084 aliquando
1338 1014 1474 1085 propter
1492 1003 1639 1067 savorem
1655 1004 1710 1066 vel

359 1119 559 1202 placenciam
578 1119 711 1184 alterius
726 1121 905 1184 sacerdotis
924 1123 1061 1186 retraxit
1077 1145 1112 1186 se
1126 1145 1146 1186 a
1162 1125 1260 1205 priori
1276 1125 1453 1200 sacerdote,
1471 1135 1505 1188 et
1520 1126 1658 1188 contulit
1674 1146 1710 1188 se

359 1252 392 1304 et
409 1242 554 1305 decimas
569 1263 644 1304 suas
660 1243 693 1304 in
709 1261 826 1305 manus
844 1241 977 1308 alterius
995 1246 1181 1320 sacerdotis,
1197 1258 1230 1310 et
1246 1247 1292 1310 sic
1308 1245 1454 1310 confusio
1471 1246 1532 1310 luit
1548 1257 1581 1310 et
1598 1247 1709 1309 multi·

358 1362 438 1445 plex
468 1363 595 1426 occasio
623 1364 812 1443 multiplicis
838 1364 926 1443 mali,
950 1387 994 1428 ex
1022 1388 1062 1429 eo
1086 1369 1175 1448 quod
1203 1366 1264 1431 suit
1295 1369 1493 1431 incertitudo
1521 1379 1708 1432 curatorum

358 1487 483 1566 absque
501 1485 660 1548 divisione
676 1484 901 1566 parochiarum
918 1486 950 1548 in
967 1488 1102 1550 diversis
1118 1487 1206 1565 locis,
1223 1499 1256 1552 et
1273 1488 1348 1552 ideo
1364 1488 1537 1552 concilium
1553 1490 1708 1571 generale

357 1606 548 1690 generalem
574 1607 690 1670 statuit
720 1606 914 1669 divisionem
941 1607 1168 1688 parochiarum
1197 1629 1256 1690 per
1283 1609 1497 1672 universalem
1527 1609 1709 1687 ecclesiam,

358 1731 508 1810 quamvis
523 1727 598 1792 talis
621 1729 737 1792 divisio
760 1726 986 1809 parochiarum
1010 1731 1042 1791 in
1061 1729 1209 1811 pluribus
1229 1729 1308 1792 locis
1328 1730 1416 1811 prius
1432 1729 1493 1792 luit
1511 1730 1541 1792 in
1559 1741 1709 1812 tempore

326 1949 328 1952 Ι
356 1970 452 2051 Juste
467 1981 578 2034 autem
595 1979 628 2032 et
643 1980 756 2032 sancte
771 1980 921 2047 rectores,
938 1969 1169 2032 habundantes
1185 1971 1218 2032 in
1239 1970 1327 2032 bona
1343 1969 1413 2051 ejus
1430 1966 1503 2054 (sic)
1519 1971 1648 2046 oblatis
1665 1975 1709 2036 de

356 2091 562 2174 parochianis
577 2091 643 2154 suis
658 2092 820 2154 dederunt
843 2090 964 2153 sanctis
980 2091 1186 2172 pauperibus,
1202 2100 1235 2154 et
1252 2091 1374 2155 sanctis
1392 2091 1559 2154 monachis
1575 2093 1631 2173 qui
1647 2115 1706 2156 sua

308 2241 311 2256 ·
358 2222 391 2275 et
413 2223 506 2276 actus
529 2221 676 2275 terrenos
699 2232 758 2293 pro
782 2211 851 2274 Xto
874 2210 1082 2292 reliquerant,
1102 2222 1137 2274 ut
1160 2232 1246 2274 verae
1271 2211 1454 2291 cognicioni
1481 2221 1514 2275 et
1536 2212 1707 2276 affeccioni

356 2333 539 2396 divinarum
563 2353 668 2396 rerum
694 2332 825 2394 liberius
847 2342 1010 2395 vacarent.
1057 2331 1110 2394 De
1141 2331 1235 2394 bonis
1261 2332 1328 2394 suis
1348 2331 1421 2412 jure
1448 2343 1608 2414 perpetuo
1630 2353 1708 2396 con-

357 2454 503 2516 tulerunt
526 2464 562 2517 ut
586 2473 699 2516 eorum
722 2452 1049 2535 superhabundancia
1072 2451 1200 2514 illorum
1225 2451 1383 2515 relevaret
1407 2452 1573 2534 inopiam;
1605 2463 1638 2517 et
1661 2456 1708 2518 sic

356 2574 528 2655 apostolus
548 2575 756 2638 beatissimus
773 2572 892 2636 Paulus
911 2573 1081 2636 laborabat
1105 2573 1257 2636 manibus
1279 2573 1344 2635 suis
1368 2573 1449 2636 citra
1469 2584 1600 2654 tempus
1624 2595 1706 2657 prae·

357 2695 499 2772 dicandi,
523 2695 693 2772 scribendi,
718 2705 752 2758 et
776 2695 900 2771 orandi,
924 2714 965 2756 ne
988 2693 1132 2776 aliquem
1157 2703 1315 2774 gravaret,
1339 2693 1426 2757 bona
1451 2693 1646 2776 recipiend0,
1668 2707 1705 2761 ut

357 2826 449 2897 patet
472 2815 621 2879 Actuum
643 2815 809 2890 vicesim0,
833 2823 866 2877 et
892 2815 935 2878 ad
959 2813 1245 2877 Tessalonicenses
1268 2815 1414 2877 secundo
1441 2816 1595 2896 capitulo.
1651 2815 1706 2880 Sic

357 2937 461 3000 sancti
486 2937 543 2998 viri
568 2947 601 3000 et
626 2934 786 3010 monachi,
803 2955 844 2998 ne
866 2955 966 3016 quem
990 2945 1171 3016 gravarent,
1188 2935 1276 2996 bona
1299 2934 1369 3016 ejus
1392 2935 1592 3016 accipiend0,
1609 2947 1641 3000 et
1666 2957 1706 3000 ne

356 3058 470 3121 debita
485 3077 585 3138 opera
601 3077 659 3138 pro
675 3055 888 3118 offerentibus
904 3054 987 3118 sorte
1002 3056 1202 3128 omitterent,
1218 3054 1270 3116 vel
1292 3055 1387 3117 bonis
1408 3055 1529 3119 oblatis
1545 3056 1705 3138 implicati

357 3189 391 3242 et
407 3178 557 3260 impediti
580 3186 688 3240 essent
710 3176 754 3238 ab
777 3176 905 3238 actibus
928 3175 1089 3251 virtuosis,
1107 3175 1258 3238 manibus
1281 3175 1347 3237 suis
1370 3185 1520 3257 tempore
1542 3186 1705 3258 oportuno

356 3298 560 3370 laborabant,
586 3299 672 3361 unde
698 3297 843 3359 viverent
874 3304 909 3359 et
935 3296 1023 3359 unde
1048 3304 1179 3358 sanctos
1209 3295 1309 3358 libros
1334 3296 1520 3369 scriberent,
1548 3305 1583 3359 ut
1610 3309 1704 3379 patet

356 3420 388 3482 in
419 3418 569 3501 Epistola
601 3417 713 3481 Sancti
734 3417 892 3498 Jeronimi
918 3416 961 3479 ad
987 3415 1196 3480 Cromacium
1224 3427 1257 3479 et
1287 3415 1505 3480 Heliodorum
1532 3418 1704 3500 episcopos

355 3542 398 3604 de
428 3540 618 3603 invencione
650 3537 825 3618 martilogii
856 3557 915 3619 per
945 3535 1126 3600 Eusebium
1154 3534 1389 3600 Caesariensem
1421 3537 1620 3618 episcopum,
1648 3540 1703 3602 ubi

356 3661 498 3726 Sanctus
513 3661 699 3743 Jeronimus
717 3669 864 3732 testatur,
880 3657 968 3739 quod
985 3656 1141 3738 praeiatus
1157 3657 1331 3739 episcopus
1348 3657 1511 3720 Eusebius
1534 3660 1704 3740 respondit

355 3783 553 3865 imperatori,
572 3781 682 3864 plures
708 3772 899 3843 dotaciones
923 3778 1068 3841 ecclesiae
1095 3798 1163 3840 suae
1188 3775 1379 3840 Caesariensi
1404 3777 1563 3852 offerenti,
1586 3778 1703 3842 ‘Suffi-

354 3905 477 3968 ciencia
504 3902 672 3978 habemus,
697 3911 730 3964 et
760 3900 834 3962 ideo
863 3899 975 3962 oblata
1006 3918 1065 3978 per
1095 3908 1128 3960 te
1159 3917 1224 3960 non
1252 3898 1443 3978 recipimus;
1477 3897 1559 3962 alios
1589 3910 1702 3964 autem

354 4026 596 4107 dispensatores
620 4032 653 4085 et
678 4021 843 4083 ministros
868 4019 1029 4082 bonorum
1055 4018 1170 4081 talium
1194 4039 1322 4099 quaeras
1338 4014 1364 4095 ;’
1395 4028 1427 4080 et
1453 4019 1484 4080 in
1508 4019 1576 4082 vita
1601 4019 1703 4084 Sanc-

353 4145 471 4209 tissimi
503 4143 648 4218 Martini,
679 4152 765 4205 teste
798 4139 954 4222 Sulpicio,
985 4141 1151 4220 reperitur,
1180 4141 1267 4221 quod
1303 4139 1386 4202 inter
1416 4140 1596 4202 monachos
1625 4162 1702 4205 suos

354 4285 533 4349 pauperem
549 4264 651 4327 vitam
668 4263 833 4338 ducentes,
848 4261 903 4342 qui
920 4259 1009 4342 prius
1032 4262 1063 4322 in
1079 4262 1146 4322 vita
1168 4259 1315 4324 saeculari
1340 4269 1374 4322 ut
1398 4260 1523 4322 domini
1542 4261 1703 4341 vixerant,
