4338 4936
717 378 816 436 socr
841 379 871 434 a
899 379 1024 436 amno
1059 380 1317 438 rearmatur.
1385 418 1387 428 s
1653 385 1694 454 27

343 592 432 656 sonis
447 602 532 675 post'
545 614 730 658 sermonem
750 596 830 660 istas
851 596 1086 674 conclusiones,
1101 595 1244 680 plurium
1267 597 1427 660 malorum
1448 604 1482 660 et
1497 593 1696 658 abusionum

343 697 535 792 causativas
566 715 599 778 in
628 715 754 799 Anglia
785 727 818 780 et
847 717 936 780 alibi.
984 714 1105 780 Nullus
1134 719 1197 781 scit
1225 717 1365 801 probare
1401 717 1489 798 quod
1522 716 1696 798 episcopus

342 834 377 896 in
401 833 464 898 hoc
491 837 580 917 quod
607 847 657 901 est
680 839 853 921 episcopus
875 837 1040 921 obligatur
1062 838 1240 923 praedicare
1264 839 1296 900 in
1320 858 1380 901 sua
1401 837 1533 920 propria
1555 855 1696 920 persona

343 954 443 1037 vulgo
454 977 522 1018 suae
537 957 696 1032 diocesis;
719 959 912 1041 accipiendo
923 959 1010 1022 istud
1026 977 1210 1022 sermonem
1228 958 1405 1040 praedicare
1423 958 1457 1021 in
1472 977 1532 1021 sua
1548 956 1696 1022 maxima

341 1073 470 1139 famosa
487 1077 738 1160 significacione.
1233 1059 1234 1064 ἵ
1573 1077 1575 1080 ’

433 1194 520 1261 Item
540 1201 650 1281 posuit
666 1202 755 1283 quod
772 1201 917 1283 episcopi
933 1219 999 1264 non
1015 1200 1139 1263 debent
1154 1173 1318 1263 tenerese
1336 1200 1425 1282 ipsos
1444 1219 1517 1262 esse
1532 1197 1697 1281 obligatos

344 1314 386 1378 ad
417 1318 663 1399 praedicandum
694 1322 727 1384 in
757 1321 896 1405 propriis
928 1321 1076 1404 personis
1105 1321 1172 1384 suis
1198 1320 1429 1384 communitati
1458 1319 1599 1402 propriae
1628 1339 1697 1386 suae

345 1437 492 1514 diocesis,
520 1439 553 1501 in
580 1461 620 1506 eo
646 1451 680 1506 et
706 1461 765 1524 pro
792 1463 833 1506 eo
859 1443 948 1524 quod
975 1451 1053 1505 sunt
1083 1441 1227 1525 episcopi
1257 1441 1440 1523 superiores
1470 1438 1542 1503 aliis
1567 1439 1697 1516 curatis,

339 1558 401 1630 sed
423 1567 578 1624 tenentur
597 1569 711 1626 tenere
729 1583 766 1626 se
786 1563 875 1645 ipsos
895 1562 1016 1627 liberos
1036 1573 1070 1626 et
1090 1561 1217 1626 solutos
1232 1562 1275 1625 ab
1290 1563 1355 1626 isto
1370 1581 1469 1624 onere
1484 1559 1696 1643 praedicandi,

344 1679 451 1743 verbis
466 1680 582 1762 positis
597 1679 630 1744 in
646 1681 709 1745 ista
724 1681 934 1747 conclusione
948 1683 1092 1765 acceptis
1107 1681 1332 1746 famosissimis
1346 1680 1653 1764 significacionibus.

432 1771 518 1864 Item
541 1801 686 1884 episcopi
710 1804 744 1866 in
766 1802 829 1868 hoc
851 1805 942 1885 quod
963 1814 1040 1868 sunt
1062 1803 1206 1887 episcopi
1228 1802 1352 1868 debent
1374 1803 1496 1869 habere
1520 1797 1697 1868 scienciam

344 1921 377 1983 in
402 1920 464 1983 illis
487 1923 633 1986 materiis
655 1944 738 2005 quas
766 1925 870 1988 curati
893 1925 1061 1990 inferiores
1087 1926 1212 1990 debent
1235 1926 1423 2009 praedicare⁴
1438 1926 1491 1988 vel
1513 1927 1641 2002 docere,
1664 1935 1698 1990 et

344 2041 468 2105 debent
490 2040 612 2108 habere
635 2044 794 2125 majorem
822 2046 998 2110 scienciam
1021 2046 1055 2109 iu
1077 2046 1233 2110 tunsione
1255 2055 1289 2110 et
1311 2046 1479 2112 solucione
1502 2063 1696 2129 magnarum

343 2161 566 2243 quaestionum
589 2183 688 2246 quam
712 2165 837 2229 debent
859 2165 982 2230 habere
1005 2168 1107 2231 curati
1133 2166 1310 2242 inferiores,
1336 2168 1369 2231 in
1394 2166 1458 2238 hoc
1481 2177 1516 2231 et
1545 2186 1605 2249 per
1633 2165 1697 2229 hoc

344 2281 434 2363 quod
458 2291 536 2346 sunt
560 2285 663 2348 curati
687 2284 864 2350 inferiores.

432 2401 518 2466 Item
556 2405 702 2488 episcopi
740 2405 867 2470 habent
907 2408 1144 2490 proprietatem
1182 2409 1225 2472 ad
1263 2407 1497 2472 resumendum
1534 2417 1568 2471 et
1606 2426 1698 2469 assu-

346 2525 502 2586 mendum
533 2525 595 2588 sibi
626 2535 660 2590 et
690 2527 733 2590 ad
766 2526 1003 2592 dimittendum
1037 2529 1172 2611 quando
1209 2527 1327 2592 volunt
1364 2527 1509 2594 officium
1544 2535 1579 2591 et
1613 2548 1698 2609 opus

344 2644 598 2724 praedicacionis‚
624 2647 837 2712 consimiliter
861 2647 946 2712 sicut
973 2647 1100 2712 habent
1126 2649 1361 2731 proprietatem
1391 2649 1435 2712 ad
1466 2647 1698 2712 resumendum

344 2772 379 2826 et
419 2762 463 2826 ad
498 2766 727 2849 accipiendum
768 2767 942 2850 quodlibet
981 2768 1025 2832 ad
1061 2789 1146 2852 opus
1182 2787 1270 2832 curae
1305 2769 1473 2852 pertinens
1509 2767 1625 2832 infimo
1664 2775 1699 2832 et

342 2882 630 2950 immediatissimo
652 2898 767 2952 curato
793 2891 927 2971 quando
947 2887 1074 2963 volunt,
1098 2889 1144 2954 sic
1169 2889 1259 2971 quod
1286 2909 1345 2972 per
1369 2887 1434 2953 hoc
1460 2887 1604 2972 episcopi
1632 2902 1699 2952 non

345 3012 422 3066 sunt
445 3004 594 3088 impediti
617 3027 638 3071 a
661 3008 786 3072 meliori
812 2995 996 3091 opere'suo
1018 3009 1193 3074 ordinariae
1220 3027 1315 3086 curae,
1342 3008 1432 3091 quod
1459 3028 1519 3091 per
1545 3028 1602 3072 eos
1629 3005 1698 3071 lieri

342 3119 455 3202 debet,
478 3135 512 3190 et
533 3127 624 3209 quod
647 3148 714 3192 non
736 3138 847 3210 potest
870 3129 1034 3194 ordinarie
1058 3128 1127 3192 fieri
1149 3149 1208 3212 per
1229 3127 1331 3194 alium
1354 3137 1515 3194 curatum.

434 3241 519 3308 Item
549 3247 695 3331 episcopi
724 3260 864 3332 possunt
893 3270 953 3333 per
985 3249 1132 3313 diversas
1160 3269 1277 3314 causas
1306 3269 1377 3313 esse
1407 3251 1563 3314 absentes
1588 3267 1609 3310 a
1632 3247 1699 3311 suis

345 3363 531 3428 diocesibus
554 3377 588 3430 et
611 3388 677 3432 uon
698 3369 880 3434 residentes
899 3371 932 3432 in
955 3370 1023 3433 suis
1046 3367 1233 3435 diocesibus
1253 3369 1460 3436 excusatorie
1479 3379 1512 3432 et
1532 3368 1699 3432 meritorie

346 3495 380 3548 et
402 3503 477 3548 cum
499 3487 682 3569 graciarum
705 3491 839 3554 accione
860 3510 963 3574 penes
984 3490 1104 3567 Deum,
1121 3500 1155 3556 et
1177 3491 1273 3554 aliter
1294 3498 1470 3573 peccarent
1489 3507 1601 3553 coram
1624 3487 1699 3552 Deo

344 3605 486 3670 durante
509 3615 660 3690 tempore
681 3609 811 3674 illarum
835 3630 1016 3675 causarum.

434 3724 520 3789 Item
547 3728 652 3814 magis
677 3729 758 3794 utile
787 3751 870 3813 opus
896 3741 1008 3815 potest
1031 3731 1100 3795 fieri
1125 3731 1299 3796 animabus
1324 3729 1496 3795 hominum
1520 3749 1620 3812 quam
1647 3737 1699 3794 est

343 3863 429 3928 opus
450 3847 713 3929 'praedicacionis
740 3850 805 3914 isto
831 3852 973 3916 termino
999 3852 1236 3936 praedicacione
1262 3861 1400 3934 accepto
1426 3851 1458 3913 in
1486 3871 1546 3914 sua
1572 3849 1700 3914 famosa

345 3974 380 4030 et
405 3966 526 4030 usitata
549 3967 801 4050 significacione.

436 4084 522 4151 ltem
553 4107 612 4154 nec
642 4109 729 4173 papa
759 4111 818 4156 nec
848 4093 993 4175 episcopi
1023 4091 1158 4176 Angliae
1188 4103 1265 4158 sunt
1295 4092 1474 4158 Simoniaci
1504 4092 1538 4154 in
1566 4090 1629 4154 hoc
1664 4101 1700 4156 et

346 4226 406 4288 per
428 4205 492 4272 hoc
520 4209 609 4290 quod
637 4211 796 4294 recipiunt
824 4232 846 4277 a
875 4233 963 4296 papa
992 4233 1069 4277 suos
1095 4215 1302 4298 episcopatus
1331 4234 1390 4296 per
1415 4211 1634 4297 provisionem
1664 4220 1699 4274 et

995 4330 1017 4380 E
1035 4335 1052 4378 2
