4338 4936
702 377 801 431 LOCI
827 377 857 429 E
886 377 1012 430 Lllrlto
1047 379 1306 436 VERJYATUM.
1641 389 1683 456 33

325 593 428 657 habes
455 595 580 658 bullam
605 595 759 678 papalem
787 595 843 677 qui
871 594 984 659 fallere
1010 609 1121 679 potest
1151 609 1184 662 et
1214 597 1292 676 salli,
1318 599 1396 682 quia
1421 599 1496 663 novi
1527 599 1617 680 quod
1648 599 1680 660 in

327 714 427 779 Curia
443 717 605 796 Romana,
622 729 800 800 postquam
815 737 903 799 papa
918 718 1063 800 aliquam
1079 721 1279 802 peticionem
1300 721 1362 784 sibi
1384 720 1505 784 factam
1522 721 1684 784 concessit

325 837 442 899 bullari
466 838 527 901 sub
550 838 612 902 hac
636 839 741 902 lorma
763 837 874 902 “fiat'’
894 838 946 901 vel
970 839 1117 903 subhac
1140 840 1246 904 forma
1269 841 1354 906 “fiat
1377 852 1414 904 ut
1436 837 1587 923 petitur,'’
1604 851 1683 904 tunc

326 958 516 1022 cubicularii
542 981 639 1042 papae
670 973 703 1023 et
737 960 905 1023 camerarii
937 969 970 1023 et
999 971 1159 1036 astantes
1182 963 1332 1025 avariciae
1362 983 1490 1025 veneno
1520 960 1682 1037 inebriati,

325 1077 449 1142 iaciunt
468 1079 574 1144 bullas
593 1082 748 1164 augendo
766 1091 799 1144 et
821 1081 1037 1144 diminuendo
1055 1081 1218 1144 clausulas
1241 1083 1274 1145 in
1297 1082 1396 1160 bulla,
1416 1103 1490 1164 qua:
1514 1101 1683 1164 nunquam

326 1219 414 1281 papa
441 1201 533 1264 novit
556 1222 616 1265 nec
639 1203 800 1266 concessit
823 1221 883 1264 nec
908 1203 1088 1265 concedere
1113 1213 1224 1284 potest
1248 1204 1433 1285 acceptorie
1457 1221 1568 1266 coram
1599 1201 1689 1276 Dc⁰,.

327 1329 362 1383 et
392 1319 485 1396 ideo,’
508 1321 615 1404 inquit
646 1323 828 1405 episcopus,
851 1327 935 1385 ‘non
965 1321 1084 1398 faciam
1114 1322 1296 1386 secundum
1326 1323 1451 1386 bullam
1482 1333 1584 1398 tuam,
1608 1324 1686 1405 quia

327 1440 426 1503 credo
455 1442 546 1523 quod
576 1463 663 1524 papa
694 1442 850 1506 vocaliter
881 1445 944 1506 ista
975 1464 1040 1506 non
1071 1445 1239 1519 concessit,
1270 1453 1304 1506 et
1332 1443 1401 1506 scio
1431 1444 1521 1525 quod
1556 1442 1688 1507 realiter

327 1562 507 1625 concedere
530 1582 597 1626 non
621 1565 742 1646 potest,
770 1573 919 1646 potestas
944 1563 1031 1626 enim
1056 1583 1115 1626 sua
1140 1565 1219 1626 data
1243 1575 1293 1626 est
1318 1563 1380 1625 sibi
1406 1584 1426 1626 a
1452 1563 1523 1627 Xto
1546 1573 1584 1627 ut
1606 1563 1688 1645 liget

328 1682 416 1762 quod
444 1693 494 1746 est
521 1683 655 1765 ligabile
682 1693 771 1748 recte
795 1685 838 1746 ab
867 1683 1010 1760 homine,
1033 1693 1068 1746 et
1094 1683 1197 1765 ligare
1222 1693 1257 1746 et
1279 1682 1405 1746 solvere
1432 1683 1503 1746 sine
1526 1702 1686 1746 consensu

328 1799 471 1864 hominis
497 1805 652 1886 quicquid
684 1805 716 1867 in
743 1804 871 1867 actibus
900 1803 1075 1881 humanis;
1114 1804 1257 1886 pertinet
1280 1823 1357 1867 vero
1383 1804 1485 1867 cultui
1514 1803 1577 1866 Dei
1605 1823 1688 1885 aug-

330 1924 510 1986 mentando
533 1934 566 1986 et
589 1925 773 1987 animarum
796 1945 882 1987 verae
906 1923 1012 2000 saluti,
1036 1923 1124 1986 unde
1151 1943 1238 2006 papa
1260 1934 1371 2006 potest
1394 1924 1519 1987 bonum
1535 1933 1688 1987 curatum

329 2061 351 2103 a
366 2061 443 2105 cura
461 2043 637 2126 expellere,
655 2045 727 2126 ipso
750 2045 862 2122 invito,
878 2054 915 2107 ut
936 2044 1105 2108 meliorem
1122 2064 1233 2108 coram
1253 2045 1327 2108 Deo
1350 2045 1509 2120 instituat,
1528 2064 1630 2125 quare
1653 2043 1687 2106 in

286 2254 288 2258 Α
329 2160 392 2225 hoc
407 2163 556 2228 imitatur
572 2165 754 2228 Dominum
778 2165 898 2243 Deum,
914 2165 991 2246 quia
1014 2163 1202 2228 Bamabam
1225 2165 1259 2228 in
1281 2166 1355 2229 loco
1378 2165 1475 2246 Judae
1499 2184 1564 2227 non
1588 2163 1688 2246 elegit

330 2292 381 2346 set
419 2283 599 2349 Matthiam
638 2285 807 2348 meliorem
844 2285 887 2348 ad
925 2284 987 2348 hoc
1021 2285 1162 2348 officium
1202 2296 1291 2350 recte
1328 2286 1572 2368 exequendum.
1640 2283 1687 2350 Et

332 2401 469 2485 Moyses
484 2405 569 2468 filios
589 2426 665 2468 suos
688 2426 891 2469 successores
911 2405 973 2467 sibi
994 2425 1061 2467 non
1082 2405 1191 2490 elegit,
1207 2409 1266 2470 sed
1284 2406 1409 2488 judicio
1426 2405 1490 2469 Dei
1511 2405 1687 2482 commisit,

330 2523 387 2605 qui
404 2525 520 2588 melius
536 2526 645 2608 potuit
661 2537 694 2589 et
714 2526 805 2588 novit
826 2535 860 2587 et
882 2525 999 2588 melius
1018 2525 1122 2589 voluit
1143 2528 1313 2609 providere
1333 2528 1376 2591 de
1396 2535 1530 2610 pastore
1551 2525 1690 2606 meliori,

330 2653 365 2707 et
394 2645 440 2708 sic
468 2645 582 2726 Josuae
612 2646 777 2727 providit;
812 2646 886 2727 quis
913 2646 1000 2708 enim
1028 2666 1116 2709 sanae
1148 2649 1269 2711 mentis
1298 2647 1361 2712 hoc
1391 2649 1569 2712 affirmaret
1596 2646 1687 2729 quod

330 2765 469 2846 quilibet
493 2766 646 2830 sacerdos
670 2766 846 2848 requisitus
870 2765 914 2828 ad
940 2765 1180 2831 absolvendum
1209 2767 1381 2833 absolvere
1410 2778 1542 2832 tenetur
1570 2786 1687 2848 quern-

332 2905 461 2968 cunque
495 2887 552 2970 qui
585 2907 644 2970 per
678 2885 804 2950 bullam
840 2885 995 2969 papalem
1025 2886 1128 2952 habet
1163 2888 1345 2964 licenciam,
1377 2900 1413 2953 ut
1448 2879 1640 2951 absolva'tur
1667 2907 1688 2952 a

331 3027 530 3090 quocunque
565 3008 699 3089 ydoneo
729 3004 924 3071 sacerdote?
992 3005 1028 3071 Si
1064 3007 1152 3071 enim
1190 3011 1365 3091 episcopus
1403 3030 1460 3072 seu
1499 3019 1605 3072 rector
1641 3007 1687 3070 sic

331 3127 526 3206 absolveret,
554 3128 642 3192 male
668 3138 703 3192 et
723 3129 858 3190 abusive
884 3136 918 3190 et
948 3125 1070 3208 injuste
1100 3129 1231 3207 laceret,
1261 3131 1338 3212 quia
1368 3130 1470 3193 habet
1500 3149 1594 3193 veras
1621 3128 1688 3190 evi·

332 3249 467 3312 dencias
496 3259 530 3313 et
559 3259 757 3330 argumenta
787 3269 861 3330 quae
890 3248 935 3311 ad
966 3247 1121 3312 eflectum
1150 3271 1237 3314 verae
1267 3250 1444 3314 solutionis
1473 3271 1494 3312 a
1528 3247 1625 3330 culpa
1655 3257 1689 3311 et

333 3388 355 3430 a
370 3389 470 3450 poena
486 3390 545 3451 per
559 3370 671 3433 Deum
687 3368 817 3445 fiendas,
832 3388 892 3431 nec
909 3369 1147 3450 impedimenta
1163 3382 1293 3434 cessant
1314 3391 1374 3434 nec
1394 3371 1549 3452 requisita
1566 3377 1690 3446 assunt,

334 3498 368 3552 et
390 3490 436 3554 sic
464 3489 548 3553 tales
570 3490 736 3555 vivificant
761 3491 889 3552 animas
914 3509 990 3572 quae
1017 3510 1084 3552 non
1110 3490 1234 3570 vivunt,
1263 3491 1448 3556 Ezechielis
1480 3507 1517 3572 13
1545 3495 1607 3552 ca0.
1633 3489 1691 3552 ie.

333 3619 485 3674 asserunt
509 3631 565 3674 eas
589 3612 696 3674 vivere
720 3630 832 3674 coram
856 3609 931 3674 Deo
954 3611 1022 3674 vita
1044 3611 1163 3693 gracia·
1186 3611 1277 3675 falsae
1300 3624 1372 3676 tum
1397 3608 1536 3675 dicunt.'·

422 3740 456 3806 [p.
474 3740 544 3806 ars]
589 3731 672 3813 Ejus
707 3731 850 3813 legenda
879 3728 931 3816 (S.
959 3730 1109 3813 Gregorii
1139 3731 1251 3818 papae)
1281 3754 1356 3815 quae
1386 3732 1506 3812 legitur
1536 3731 1579 3794 de
1608 3727 1693 3793 elec·

337 3851 431 3914 cione
452 3850 567 3916 Sancti
587 3851 735 3934 Gregorii
757 3852 791 3915 in
814 3850 951 3915 ecclesia
973 3851 1035 3916 Xti
1063 3851 1251 3918 Cantuariae
1273 3854 1306 3916 in
1328 3851 1441 3936 vigilia
1463 3849 1693 3915 translacionis

339 3969 453 4035 Sancti
476 3970 652 4036 Cuthberti
677 3972 726 4054 ἰῇα
749 3973 804 4035 die
829 3970 1046 4054 Septembris,
1070 3982 1150 4036 tunc
1175 3973 1264 4036 enim
1286 3983 1337 4036 est
1363 3971 1483 4036 festum
1505 3971 1628 4034 ibidem
1652 3970 1696 4048 de

339 4090 410 4174 ejus
432 4092 596 4156 eleccione
618 4103 733 4158 sancta
755 4093 789 4154 in
812 4111 944 4175 papam.
997 4117 1008 4130 ·

426 4223 459 4288 [p.
480 4223 549 4290 375]
594 4213 664 4292 Vae,
683 4234 733 4276 vae
753 4212 933 4277 infelicitati
955 4213 1117 4294 temporis
1136 4213 1240 4276 nostri
1258 4213 1409 4276 moderni
1428 4212 1551 4292 inquo
1574 4213 1696 4294 superi-

1006 4330 1024 4375 μ
