4322 4936
708 397 804 452 roc]
832 399 860 450 a
891 399 1014 452 claro
1048 401 1306 456 VERJTATUM.
1625 403 1682 470 177

331 612 357 675 si
385 631 538 693 cuperem
565 632 635 675 esse
665 613 878 694 pecuniarum
905 614 1083 677 multarum
1111 617 1244 680 fidelem
1275 618 1520 698 adquisitorem,
1549 615 1683 678 mallem

331 754 403 796 esse
424 733 531 796 bonus
553 742 645 796 sutor
670 753 771 815 quam
795 733 1032 797 scientissimus
1054 735 1171 800 doctor
1194 739 1226 799 in
1248 737 1382 820 Anglia,
1405 739 1571 802 existente
1594 744 1684 800 statu

331 855 365 917 in
387 853 512 936 Anglia
539 861 575 916 ut
598 863 649 917 est
676 855 842 917 modernis
871 856 1076 936 temporibus
1092 857 1114 934 3’
1145 859 1239 921 testis
1264 862 1353 922 enim
1378 871 1428 923 est
1456 859 1555 924 michi
1579 859 1682 932 Deus,

330 975 422 1057 quod
444 974 578 1038 mallem
594 975 700 1037 bonos
723 984 756 1038 et
776 974 887 1056 plures
910 976 1142 1056 praedicatores
1162 979 1252 1042 verbi
1270 979 1333 1042 Dei
1358 981 1389 1042 in
1410 980 1534 1063 populo
1550 977 1684 1061 Angliae

331 1095 541 1177 multiplicari
569 1115 671 1176 quam
694 1115 810 1158 omnes
837 1096 972 1159 divicias
995 1099 1194 1181 temporales
1224 1122 1299 1182 quae
1322 1113 1399 1164 sunt
1421 1121 1497 1164 cum
1521 1101 1685 1164 ditissimo

329 1216 464 1278 homine
486 1215 630 1296 Angliae.
688 1216 762 1278 Deo
786 1237 916 1298 semper
937 1219 1072 1298 gracias,
1096 1241 1202 1296 amen,
1228 1231 1261 1284 et
1284 1222 1391 1284 omnis
1415 1222 1547 1303 spiritus
1571 1220 1684 1284 laudet

331 1336 441 1400 Deum
463 1357 603 1418 semper.
647 1336 770 1400 Amen.

418 1457 464 1520 Et
490 1456 697 1532 Psalterium,
724 1461 914 1540 expositum
945 1469 979 1524 et
1009 1462 1166 1542 scriptum
1192 1483 1291 1526 manu
1323 1484 1383 1526 sua
1412 1463 1554 1546 propria,
1582 1462 1683 1545 regis-

329 1587 435 1642 tratur
459 1577 602 1642 Oxoniae
626 1575 684 1663 (sc.
702 1576 933 1664 Grosseteste)‚
956 1581 1042 1645 inter
1071 1581 1187 1645 fratres
1218 1585 1369 1659 minores,
1395 1583 1581 1666 Episcopus
1604 1583 1684 1646 Lin-

329 1697 414 1763 coln.
437 1700 478 1762 d:
501 1709 534 1762 et
558 1698 754 1762 Psalterium
778 1721 883 1776 suum,
902 1702 992 1783 quod
1016 1723 1081 1765 non
1105 1703 1257 1766 scribitur
1280 1724 1378 1767 manu
1403 1705 1535 1786 propria
1558 1703 1683 1767 domini

331 1819 579 1898 Lincolniensis,
602 1821 795 1902 registratur
818 1822 949 1900 ibidem,
973 1823 1159 1906 Episcopus
1183 1824 1332 1888 Lincoln.
1355 1825 1387 1886 ff.

415 1949 449 2016 [p.
470 1949 539 2016 352]
583 1948 803 2004 Poenitenoia.
850 1943 889 2005 In
919 1945 1072 2006 omnibus
1099 1943 1161 2007 hiis
1191 1966 1266 2026 quae
1297 1945 1451 2008 dicuntur
1476 1954 1590 2009 contra
1617 1945 1682 2027 Sy-

329 2062 473 2124 moniam
499 2081 564 2124 non
589 2071 824 2126 convertuntur
846 2061 1046 2144 Symoniaci.
1093 2065 1131 2126 In
1154 2066 1307 2128 omnibus
1330 2065 1392 2128 hiis
1418 2087 1494 2149 quae
1518 2067 1682 2142 dicuntur,

330 2203 395 2246 non
417 2184 599 2248 residentes
619 2185 652 2246 in
675 2205 787 2247 eorum
809 2185 894 2247 curis
915 2195 948 2248 et
972 2195 1086 2249 contra
1108 2187 1393 2268 appropriationes
1414 2187 1624 2250 ecclesiarum
1648 2196 1682 2251 et

329 2303 498 2385 indignam
530 2304 745 2369 collacionem
776 2307 899 2388 gradus
927 2305 1114 2371 scholastici
1143 2309 1176 2371 in
1203 2309 1471 2372 universitatibus
1497 2309 1681 2371 studiorum

327 2420 409 2508 (sic),
427 2446 493 2488 non
514 2435 591 2488 sunt
611 2427 758 2489 conversi
780 2427 813 2489 in
834 2437 907 2490 toto
928 2429 1028 2490 corde
1043 2449 1112 2505 su0,
1128 2438 1178 2491 set
1195 2430 1227 2491 in
1245 2430 1427 2492 mendacio
1476 2429 1506 2493 O
1530 2428 1679 2510 Symonl

329 2542 478 2625 Symon!
509 2547 566 2610 ie.
591 2546 761 2628 Symonia,
783 2547 890 2610 habeo
913 2548 972 2610 tibi
996 2548 1120 2630 aliquid
1144 2550 1260 2625 dicere,
1279 2551 1336 2612 sed
1362 2549 1446 2613 sorte
1468 2551 1550 2614 dicis
1573 2548 1681 2626 michi,

328 2665 518 2748 ‘Magister,
539 2668 600 2740 dic,
621 2669 640 2730 i.
654 2690 682 2731 e.
706 2669 797 2732 dicas
821 2689 896 2750 quae
922 2671 980 2745 vis,
1005 2671 1091 2751 quia,
1116 2690 1182 2734 non
1209 2691 1326 2734 curans
1353 2674 1395 2736 de
1422 2671 1539 2750 verbis,
1561 2672 1680 2735 faciam

327 2796 365 2850 ut
391 2785 474 2852 seci.'
519 2789 550 2852 O
573 2787 755 2871 Symoniai
780 2799 863 2872 quot
887 2802 1002 2855 sancta
1026 2793 1156 2872 ingenia
1181 2802 1370 2856 sanctorum
1391 2795 1565 2858 doctorum
1584 2795 1681 2856 desu-

327 2909 439 2972 dando
469 2909 699 2975 laboraverunt
729 2912 901 2975 scribendo
931 2923 1046 2976 contra
1076 2923 1119 2990 te,
1150 2923 1183 2977 et
1213 2923 1327 2978 contra
1361 2915 1471 2978 literas
1501 2925 1536 2979 et
1565 2935 1679 2997 preces

327 3029 546 3108 dominorum,
571 3032 627 3115 qui
655 3034 761 3114 magis
782 3044 979 3114 promovent
1006 3033 1174 3098 hominem
1197 3044 1231 3098 et
1254 3035 1424 3100 conserunt
1448 3037 1476 3098 ei
1501 3037 1679 3117 dignitates

328 3159 361 3213 et
393 3151 501 3215 officia
534 3173 595 3236 pro
631 3153 748 3216 litteris
777 3153 950 3216 hominum
980 3175 1081 3236 quam
1110 3175 1170 3237 pro
1201 3155 1317 3219 litteris
1348 3157 1412 3218 Dei
1449 3157 1482 3218 in
1517 3157 1679 3237 scriptura

326 3291 427 3351 sacra,
450 3281 484 3336 et
505 3275 679 3356 praeceptis
703 3275 776 3353 Dei,
800 3276 855 3356 qui
879 3276 1028 3357 praecipit
1051 3276 1143 3338 illum
1167 3277 1243 3360 eligi
1265 3278 1321 3359 qui
1345 3288 1395 3341 est
1417 3287 1607 3361 assumptus
1632 3278 1677 3341 ab

325 3392 523 3470 hominibus,
551 3396 604 3460 ie.
633 3407 803 3480 separatus
831 3398 873 3460 ab
904 3398 1092 3479 ignorancia
1117 3408 1151 3461 et
1182 3401 1356 3462 mundanis
1383 3399 1677 3482 occupacionibus;

325 3515 383 3577 sed
415 3515 447 3578 in
474 3517 627 3580 omnibus
656 3518 719 3580 hiis
750 3538 816 3581 non
844 3528 919 3580 sunt
946 3518 1092 3581 conversi
1118 3520 1161 3580 ad
1187 3495 1296 3581 Deum
1324 3520 1356 3582 in
1383 3528 1456 3582 toto
1482 3520 1580 3582 corde
1606 3539 1676 3592 suo,

326 3635 384 3698 sed
407 3637 439 3698 in
462 3637 635 3702 mendacio
651 3639 828 3715 simoniaci,
844 3648 878 3702 et
900 3639 984 3702 tales
1004 3639 1215 3702 ecclesiarum
1234 3651 1267 3702 et
1288 3640 1468 3703 officiorum
1486 3638 1675 3717 collatores3

325 3756 445 3821 litterae
476 3760 563 3821 enirn
595 3769 628 3824 et
657 3761 758 3824 verba
787 3761 995 3824 dominorum
1022 3781 1081 3842 pro
1111 3760 1223 3842 aliquo
1253 3761 1478 3842 promovendo
1507 3761 1560 3823 vel
1589 3761 1676 3824 ordi·

326 3879 436 3942 nando
463 3880 495 3942 in
521 3879 658 3944 ecclesia
685 3892 793 3945 essent
817 3883 931 3964 pocius
956 3903 1032 3945 vere
1058 3881 1273 3947 testificanda
1299 3883 1482 3960 scienciam,
1508 3883 1620 3959 vitam,
1643 3892 1677 3948 et

326 4001 443 4064 merita
464 4022 622 4084 personae,
647 4011 680 4066 et
703 4003 908 4067 voluntatem
936 4003 1093 4067 fervidam
1117 4003 1251 4086 regendi
1278 4003 1362 4066 tales
1388 4003 1539 4066 homines
1562 4004 1595 4065 in
1618 4003 1677 4067 tali

325 4121 481 4204 parochia
508 4143 565 4186 seu
591 4123 713 4188 diocesi
734 4145 835 4206 quam
863 4125 1095 4208 supplicatoris
1121 4125 1174 4188 vel
1198 4125 1381 4188 minatoria.
1426 4125 1506 4188 Vita
1532 4127 1678 4190 enimet

325 4243 465 4309 sciencia
491 4255 525 4310 et
549 4245 637 4309 salus
664 4246 848 4312 animarum
875 4257 1045 4312 moverent
1071 4248 1223 4311 homines
1245 4248 1286 4310 ad
1316 4247 1549 4311 conserendum
1575 4248 1678 4313 eccle·

970 4367 993 4412 A
1011 4373 1029 4414 a
