4322 4936
1167 249 1169 254 -
1268 212 1284 260 ¹a

703 405 833 459 NOTAE
859 405 886 457 T
885 404 1024 458 HOMAE
1048 403 1297 458 GASCOIGNE.
1616 410 1674 476 231

323 621 461 685 concilio
488 621 550 682 sibi
575 619 768 693 necessarie,
794 619 1005 682 excludendo
1030 638 1051 681 a
1077 638 1154 700 rege
1184 615 1385 680 consiliarios
1412 614 1615 696 alienigenos
1645 623 1678 678 et

323 741 525 807 consiliarios
548 740 695 822 cupidos,
721 739 777 821 qui
801 741 938 822 cupiunt
961 760 1001 804 ea
1022 739 1133 804 dicere
1156 747 1189 802 et
1212 738 1319 802 lacere
1342 757 1416 819 quae
1442 737 1510 820 regi
1533 736 1678 820 placent,

323 873 361 927 ut
382 863 516 946 ipsimet
538 860 695 925 ditentur.

411 982 454 1046 6².
500 983 597 1060 Item,
628 982 717 1065 quod
748 981 960 1046 vicecomites
995 982 1029 1046 in
1064 1001 1264 1064 unoquoque
1293 980 1452 1044 comitatu
1488 978 1590 1044 libere
1620 978 1679 1043 eli-

322 1114 453 1190 gantur,
475 1104 604 1186 absque
626 1102 820 1168 cohercione
843 1101 968 1166 domini
991 1103 1086 1184 regis,
1110 1123 1168 1166 seu
1191 1102 1363 1166 baronum.

413 1233 453 1306 7⁸.
499 1225 595 1300 Item,
627 1224 717 1306 quod
748 1224 898 1296 barones,
924 1221 1061 1302 nobiles,
1092 1233 1126 1288 et
1155 1222 1308 1306 populus,
1333 1223 1368 1286 in
1394 1222 1499 1286 causis
1530 1222 1618 1304 ipsos
1645 1230 1679 1286 et

324 1367 462 1429 regnum
487 1346 769 1420 concernentibus
794 1343 940 1409 habeant
963 1344 998 1408 in
1021 1345 1089 1408 suis
1115 1345 1259 1409 consiliis
1286 1345 1320 1407 in
1345 1343 1571 1426 parliamentis
1598 1343 1679 1408 libe-

324 1489 394 1532 ram
417 1466 609 1531 facultatem
633 1467 676 1530 ad
699 1466 877 1529 dicendum
899 1475 978 1529 vota
1001 1486 1070 1528 sua.

631 1818 634 1826 ¹
665 1737 811 1804 NOTAE
834 1737 1025 1802 THOMAE
1048 1737 1338 1804 cascorcuu.

698 1929 727 1992 E
752 1927 827 1992 MS.
850 1927 988 1991 Auctar.
1013 1927 1045 1990 D
1070 1928 1111 1992 iv.
1129 1940 1159 2008 5.
1183 1949 1215 2011 p.
1236 1946 1307 2005 104.

918 2084 1000 2162 Ili-c
1032 2107 1088 2162 ιη’.

414 2270 508 2338 Heu!
535 2268 616 2338 heu!
642 2270 726 2333 heu!
774 2270 919 2333 Domine
947 2268 1058 2336 Deus!
1091 2270 1242 2334 desolata
1272 2281 1322 2336 est
1352 2271 1488 2335 domina
1516 2271 1678 2353 gencium,

325 2398 344 2458 i.
361 2417 388 2458 e.
413 2395 559 2468 ecclesia,
584 2414 659 2475 quae
682 2391 762 2454 olim
784 2391 846 2454 suit
870 2393 1006 2456 domina
1031 2392 1196 2474 gencium,
1220 2393 1354 2474 quando
1377 2392 1611 2455 dominabatur
1632 2391 1680 2454 vi-

325 2517 383 2580 ciis
413 2537 472 2599 per
501 2516 660 2580 virtutum
691 2512 931 2594 operacionem,
962 2533 1021 2596 per
1051 2511 1283 2576 miraculorum
1312 2514 1402 2596 prius
1431 2513 1679 2594 inexpertorum

326 2637 641 2712 manifestacionem
672 2643 705 2697 et
735 2654 795 2716 per
824 2633 974 2696 scienciae
1005 2635 1343 2699 communicacionem
1374 2643 1408 2698 et
1437 2633 1680 2697 ostensionem!

236 2757 239 2768 '
327 2758 425 2820 Heul
455 2757 525 2838 jam
554 2765 701 2820 mutatur
730 2753 822 2817 color
851 2753 1007 2834 optimus,
1039 2755 1117 2836 quia
1146 2755 1320 2837 plumbum
1347 2775 1407 2837 pro
1433 2775 1523 2833 auro,
1557 2763 1591 2818 et
1620 2774 1680 2835 pro

325 2879 474 2962 patribus
504 2879 627 2940 sanctis
660 2876 823 2959 prioribus
856 2877 925 2939 nati
958 2887 1036 2940 sunt
1068 2876 1129 2940 tibi
1161 2876 1307 2941 ecclesiae
1340 2877 1407 2955 filii,
1437 2876 1528 2955 latui,
1559 2875 1680 2953 viciosi,

327 3000 485 3063 mundani
516 2996 590 3062 filii!
646 2996 850 3080 Exemplum
882 3017 983 3059 unum
1014 2999 1100 3060 inter
1129 2997 1224 3080 plura
1254 2999 1401 3061 existens
1429 2997 1498 3080 jam
1528 3017 1617 3080 pono
1648 3007 1681 3060 et

326 3121 443 3184 scribo.
490 3120 529 3182 ln
556 3119 672 3183 diebus
699 3119 791 3197 meis,
816 3138 904 3182 anno
932 3117 1068 3180 Domini
1100 3115 1210 3200 14431,
1237 3117 1361 3182 electus
1392 3119 1463 3196 fuit,
1488 3117 1541 3181 vel
1572 3117 1679 3180 verius

326 3243 479 3318 intrusus,
506 3261 590 3303 unus
616 3238 882 3321 archiepiscopus
907 3239 965 3320 qui
990 3238 1052 3304 suit
1074 3240 1206 3321 genitus
1233 3259 1277 3301 ex
1305 3239 1480 3303 manifesto
1507 3237 1680 3315 adulterio,

326 3373 360 3426 et
388 3361 536 3425 existens
559 3360 674 3443 genuit
696 3359 781 3422 filios
803 3367 838 3422 et
860 3358 945 3424 filias
973 3379 1017 3422 ex
1044 3379 1110 3422 una
1137 3360 1280 3437 moniali,
1309 3360 1341 3422 in
1368 3357 1548 3442 episcopali
1574 3357 1679 3442 gradu

327 3483 475 3546 existens
490 3491 670 3564 antequam
686 3478 747 3543 luit
764 3477 1040 3562 archiepiscopus,
1056 3489 1090 3544 et
1105 3488 1217 3544 tamen
1234 3480 1424 3544 nominatus
1439 3478 1509 3558 luit,
1526 3478 1681 3542 ‘Electus

327 3623 387 3686 per
413 3601 573 3684 Spiritum
602 3599 740 3665 Sacrum
752 3597 771 3678 ;'
801 3600 879 3664 licet
906 3621 993 3683 papa
1019 3600 1114 3677 dixit,
1141 3621 1207 3664 non
1233 3601 1373 3665 libenter
1402 3600 1526 3665 electus
1555 3609 1614 3676 est,
1647 3608 1680 3661 et

327 3731 439 3786 tamen
462 3743 551 3806 papa
569 3723 677 3804 ipsum
697 3720 842 3802 providit
861 3732 895 3784 et
916 3741 1010 3784 suam
1029 3720 1229 3785 eleccionem
1251 3722 1424 3785 nominans
1446 3721 1560 3784 datam
1581 3719 1680 3782 bullae

327 3853 406 3907 ante
426 3844 514 3907 diem
536 3843 705 3906 electionis
728 3841 866 3923 scripsit,
885 3863 964 3925 ergo
987 3842 1127 3924 provisio
1150 3863 1216 3904 non
1240 3842 1301 3906 luit
1322 3863 1399 3906 vera
1422 3842 1548 3906 electio,
1595 3825 1679 3904 Haec

327 3965 446 4028 doctor
468 3964 500 4024 in
523 3983 615 4026 sacra
636 3962 822 4044 Theologia
846 4010 853 4024 .
880 4010 886 4024 .
912 4010 918 4024 .
945 4009 952 4022 .

394 4115 401 4143 ¹
419 4113 474 4164 The
492 4115 644 4180 arebbishop
660 4114 764 4164 referred
785 4121 812 4162 to
829 4115 849 4162 is
864 4115 931 4178 John
950 4114 1066 4172 Stafford,
1084 4115 1141 4164 who
1160 4117 1210 4164 had
1228 4115 1291 4166 been
1308 4116 1372 4164 dean
1390 4127 1509 4178 1423-25,
1525 4113 1573 4162 and
1589 4113 1681 4176 bishop

329 4197 591 4262 1425-43,0rWe11s.
627 4198 667 4247 He
680 4213 731 4246 was
748 4196 884 4246 translated
902 4198 935 4259 by
947 4198 1028 4267 papal.
1040 4197 1093 4247 bull
1110 4205 1137 4247 to
1155 4198 1319 4261 Cmterbury,
1338 4198 1398 4261 May
1414 4211 1451 4260 ¹3·
1467 4211 1538 4259 1443·
1557 4195 1605 4244 and
1623 4195 1682 4243 died

328 4281 388 4344 May
402 4295 440 4343 25,
456 4292 526 4342 1452.
