4308 4938
714 411 813 468 Loci
838 411 868 465 a·
896 409 1021 464 trano
1057 407 1314 466 VERJTATUM.
1441 431 1446 444 ·
1648 418 1689 486 93

341 623 447 708 prima
466 626 510 691 ad
530 625 726 692 Corintheos
747 625 792 704 8⁰,
807 627 950 704 ‘Videte
971 647 1012 691 ne
1033 625 1118 692 sorte
1133 626 1204 690 haec
1225 623 1361 690 licencia
1379 635 1497 706 vestra,
1517 645 1561 690 sc.
1582 646 1692 691 come·

341 746 443 811 dendi
466 767 589 825 carnes,
609 747 845 812 offendiculum
868 748 927 813 fiat
946 745 1101 825 infirmis‚’
1122 746 1180 810 ie.
1199 745 1311 810 videte
1332 766 1373 809 ne
1396 745 1530 826 licencia
1551 745 1594 810 sit
1616 744 1692 810 talis

342 868 430 932 unde
456 867 511 932 alii
536 867 753 948 offendantur,
776 869 796 934 i.
807 891 834 933 e.
857 867 901 932 ad
924 876 1095 951 peccatum
1121 875 1334 945 moveantur;
1364 875 1398 930 et
1419 865 1531 931 videte
1553 887 1595 930 ne
1620 865 1693 930 haec

341 987 478 1054 licencia
500 989 542 1053 sit
563 1009 662 1054 causa
683 988 736 1053 vel
757 988 887 1053 occasio
909 988 997 1052 unde
1020 986 1108 1050 mala
1130 998 1163 1050 et
1186 997 1323 1069 peccata
1346 987 1501 1065 oriantur,
1524 985 1577 1051 vel
1603 987 1693 1051 unde

342 1107 431 1172 bona
450 1107 615 1188 deficiant,
631 1131 688 1174 seu
710 1108 931 1175 destruantur.
975 1107 1063 1172 Novi
1085 1107 1173 1170 enim
1194 1127 1349 1190 magnam
1370 1127 1483 1173 curam
1504 1108 1537 1171 in
1557 1106 1695 1172 ecclesia

343 1227 521 1312 parochiali
560 1231 694 1306 destrui,
728 1230 893 1313 eoquod
929 1227 1141 1312 appropriata
1178 1237 1230 1293 est
1270 1248 1345 1292 unae
1381 1247 1511 1311 magnae
1548 1227 1695 1294 ecclesiae

345 1348 535 1428 cathedrali,
564 1371 640 1434 quae
673 1371 734 1433 pro
763 1349 822 1414 illa
851 1347 1124 1432 appropriacione
1153 1368 1220 1430 qua
1250 1368 1317 1412 non
1347 1347 1498 1430 indigent
1527 1347 1631 1414 semel
1660 1348 1695 1411 in'

344 1491 433 1534 anno
455 1469 563 1534 dicere
585 1479 717 1536 tenetur
738 1471 898 1553 exequias
923 1489 984 1553 pro
1006 1469 1119 1532 anima
1144 1468 1248 1546 unius,
1271 1468 1349 1550 quia
1375 1489 1468 1534 curas
1493 1468 1603 1552 plures
1624 1469 1696 1532 ani-

345 1610 473 1654 marum
504 1589 676 1670 destruxit,
706 1600 741 1655 et
770 1590 838 1654 iere
867 1590 957 1656 omni
987 1589 1042 1654 die
1074 1609 1133 1672 per
1167 1588 1278 1673 plures
1307 1609 1412 1653 annos
1444 1599 1521 1654 ante
1554 1598 1696 1654 mortem

345 1731 440 1775 suam
460 1711 568 1776 ebrius
582 1711 655 1775 suit.
698 1709 827 1775 ‘Liberi
843 1709 922 1776 iacti
943 1709 1023 1775 estis
1038 1705 1194 1792 peccat0,’
1211 1709 1318 1792 inquit
1333 1707 1512 1792 apostolus,
1528 1709 1579 1774 i.e.
1594 1709 1697 1775 libere

345 1841 380 1896 et
409 1831 481 1896 sine
509 1830 747 1915 impedimento
778 1831 922 1914 peccatis
952 1841 985 1895 et
1011 1829 1055 1894 ad
1081 1831 1357 1913 dampnacionem
1388 1831 1525 1909 curritis,
1548 1831 1697 1895 dicentes

346 1951 437 2030 salse,
460 1950 557 2016 ‘Non
579 1971 754 2034 peccamus
777 1953 856 2034 quia
877 1951 1050 2015 licenciam
1073 1951 1117 2016 ab
1140 1949 1275 2014 homine
1297 1951 1340 2014 ad
1364 1951 1488 2015 malum
1510 1951 1697 2017 faciendum

346 2069 526 2136 habemus!
571 2072 731 2156 Magnam
751 2072 840 2136 enim
860 2081 1061 2156 potestatem
1082 2072 1175 2136 dedit
1195 2071 1359 2135 Dominus
1380 2072 1501 2136 vicario
1520 2091 1580 2136 suo
1601 2093 1698 2154 papae

348 2193 503 2272 ecclesiae,
533 2202 570 2257 ut
604 2213 725 2276 magna
754 2191 843 2256 mala
875 2191 1077 2267 reformaret,
1106 2211 1261 2276 magnam
1288 2193 1378 2274 quod
1408 2189 1528 2257 laceret
1557 2193 1699 2257 aedifica-

348 2314 476 2378 cionem
496 2314 659 2378 bonorum
680 2323 823 2389 actuum,
840 2313 903 2377 sibi
918 2313 1032 2377 dicens
1051 2313 1160 2392 verba,
1175 2333 1250 2396 quae
1271 2311 1359 2376 dixit
1378 2313 1551 2395 Jeremiae:
1581 2314 1698 2377 ‘Posui

349 2431 401 2513 te,'
413 2433 520 2517 inquit
532 2435 707 2511 Dominus,
720 2437 774 2499 ‘ut
790 2433 919 2512 evellas,
932 2434 1091 2512 destruas,
1104 2443 1138 2498 et
1149 2433 1328 2516 disperdas,
1341 2443 1375 2496 et
1387 2433 1535 2516 dissipes,
1546 2435 1700 2514 aedifices,

349 2565 383 2619 et
404 2553 728 2639 plantes‚’—evellas,
747 2553 767 2619 i.
777 2575 805 2619 e.
823 2554 975 2618 docendo
1000 2563 1033 2618 et
1056 2554 1248 2635 corrigendo
1268 2552 1388 2617 evellas
1411 2574 1533 2638 magna
1556 2563 1590 2619 et
1613 2556 1700 2619 radi·

349 2685 425 2740 cata
457 2683 491 2739 et
521 2685 679 2740 consueta
711 2684 864 2758 peccata,¹
889 2674 989 2756 longo
1023 2695 1083 2738 usu
1116 2674 1327 2752 continuata;
1364 2673 1513 2738 destruas
1543 2695 1636 2754 nova,
1667 2685 1701 2740 et

351 2796 478 2858 minora
494 2795 600 2873 mala;
623 2795 753 2878 plantes
768 2795 914 2872 virtutes
927 2793 1078 2858 docendo
1097 2803 1131 2858 et
1145 2795 1359 2872 ostendendo,
1371 2794 1507 2858 verbum
1524 2795 1588 2859 Dei
1603 2795 1701 2860 semi·

351 2915 480 2994 nand03
511 2915 654 2979 aedifices
684 2913 739 2978 illa
764 2915 853 2979 bona
880 2915 1055 2979 nutriendo
1086 2923 1120 2978 et
1145 2913 1344 2998 perficiendo
1377 2915 1542 2998 exemplo,
1566 2916 1701 2994 auxilio,

352 3046 386 3101 et
401 3056 490 3119 saepe
504 3036 640 3099 verbum
656 3035 720 3099 Dei
737 3035 902 3100 mentibus
920 3035 1130 3099 audiencium
1147 3034 1347 3118 ingerend03
1370 3033 1462 3098 cibus
1478 3035 1566 3098 enim
1582 3056 1702 3119 parvus

351 3155 610 3239 perceptibiliter
634 3175 752 3240 corpus
778 3175 845 3218 non
872 3155 983 3234 nutrit,
1007 3175 1067 3219 nec
1093 3155 1231 3219 verbum
1257 3154 1342 3218 sorte
1367 3153 1511 3236 aliquem
1540 3156 1568 3218 si
1597 3157 1702 3221 semel

352 3275 543 3360 proferatur,
562 3277 620 3340 sed
644 3275 671 3340 si
693 3296 768 3340 cum
790 3275 958 3358 paciencia
980 3295 1070 3358 saepe
1091 3275 1282 3358 proseratur,
1300 3295 1341 3338 ne
1363 3275 1519 3338 oblivioni
1543 3277 1702 3340 tradatur.

354 3396 445 3462 Olim
472 3396 560 3461 enim
583 3395 615 3459 in
638 3407 788 3479 tempore
810 3396 915 3460 sancti
937 3395 1081 3460 doctoris
1103 3394 1284 3478 Augustini
1306 3415 1454 3459 recursus
1476 3415 1615 3478 magnus
1640 3397 1704 3461 fuit

355 3517 455 3601 Papae
479 3516 641 3592 Romano,
661 3517 705 3581 ad
728 3517 942 3620 quaerendum
965 3517 1008 3582 ab
1030 3538 1071 3581 eo
1094 3527 1128 3582 et
1149 3537 1171 3580 a
1188 3517 1375 3581 scientificis
1397 3517 1427 3580 ei
1447 3517 1640 3595 astantibus,
1660 3539 1704 3582 an

355 3639 468 3704 liceret
488 3638 543 3714 sie,
565 3638 617 3703 vel
637 3639 836 3704 econtrario
859 3639 959 3704 modo
979 3637 1095 3702 lacere.
1141 3637 1258 3701 Pocius
1281 3638 1369 3702 enim
1389 3637 1452 3700 hoc
1472 3637 1664 3719 quaerebant
1685 3659 1706 3702 a

357 3761 447 3844 Papa
463 3781 506 3824 an
520 3761 645 3844 aliquid
661 3761 781 3840 liceret,
796 3780 896 3843 quarn
913 3771 949 3824 ut
965 3759 1086 3837 liceret,
1102 3767 1140 3822 ut
1155 3767 1297 3824 testatur
1312 3757 1454 3822 Sanctus
1471 3757 1656 3821 Bernardus
1672 3759 1706 3820 in

358 3881 510 3965 Epistola
524 3883 567 3946 ad
584 3881 768 3946 Robertum
784 3881 1035 3945 Cluniacensem
1057 3878 1266 3944 monachum.
1314 3877 1471 3943 Sciebant
1492 3879 1580 3942 enim
1600 3878 1706 3943 sancti

357 4013 469 4086 patres
489 4005 578 4086 quod
600 4003 806 4087 dispensacio
827 4024 884 4066 seu
907 4002 1095 4066 licenciacio
1117 4001 1264 4065 humana
1285 4020 1351 4063 non
1374 4000 1519 4064 causavit
1539 4009 1651 4064 actum
1674 3999 1707 4062 in

357 4143 393 4188 se
416 4145 488 4196 esse
511 4125 635 4188 bonum
659 4145 718 4189 nec
742 4123 876 4188 malum.
921 4123 983 4188 Est
1006 4123 1093 4187 enim
1120 4122 1226 4185 bonus
1247 4130 1341 4184 actus
1367 4141 1411 4184 ex
1438 4131 1554 4185 natura
1576 4121 1708 4204 propria

358 4255 453 4310 actus
479 4247 645 4311 tendentis
672 4247 705 4310 in
732 4245 900 4328 objectum
926 4265 1021 4309 suum
1045 4243 1204 4320 debitum,
1228 4253 1262 4307 et
1287 4242 1375 4308 actui
1401 4241 1608 4319 conveniens,
1632 4261 1707 4306 cum
