4378 4936
491 399 572 484 164ι
865 405 964 462 LOCI
991 407 1021 460 E
1050 405 1175 460 LIBRO
1210 403 1470 462 VERITATUM.

488 623 549 686 Xti
584 641 674 701 1414,
706 622 828 705 incepit
861 621 1036 688 concilium
1074 641 1203 685 sacrum
1234 620 1508 695 Constanciense‚
1538 621 1571 684 11
1601 619 1656 684 die
1682 617 1842 684 Omnium

489 741 696 818 Sanctorum,
724 752 758 807 et
782 754 858 826 post
887 743 1026 807 tercium
1053 741 1124 824 ejus
1151 742 1221 824 jam
1246 741 1449 824 completum
1475 761 1599 804 annum
1629 739 1692 804 suit
1721 738 1844 804 eleccio

488 883 585 946 papae
609 863 745 928 Martini
775 863 890 945 quinti,
919 884 1007 947 papa
1036 862 1189 944 Johanne
1218 879 1258 945 23
1292 863 1444 944 deposito
1473 881 1562 925 anno
1585 859 1721 924 Domini
1750 869 1842 939 1415,

489 993 566 1064 post
582 983 816 1048 Penticostalia
835 983 930 1062 festa,
947 993 980 1048 et
998 986 1044 1048 sic
1063 983 1211 1065 sequitur
1226 983 1398 1047 ecclesiam
1417 992 1549 1065 pastore
1568 1003 1625 1046 seu
1641 1001 1729 1063 papa
1750 1000 1844 1045 caru·

488 1107 551 1168 isse
576 1124 638 1186 per
661 1105 746 1168 duos
771 1125 877 1169 annos
901 1113 935 1168 et
959 1103 1069 1183 ultra;
1100 1115 1133 1170 et
1160 1105 1290 1168 duravit
1312 1104 1427 1167 cisima
1453 1103 1486 1167 in
1512 1103 1650 1168 ecclesia
1674 1102 1842 1184 inceptum

488 1245 547 1306 per
569 1245 732 1288 recessum
755 1225 970 1289 cardinalium
993 1246 1014 1288 a
1036 1245 1124 1308 papa
1150 1225 1288 1290 Urbano
1316 1233 1424 1300 sexto,
1448 1243 1547 1306 quem
1571 1224 1632 1306 ipsi
1660 1221 1842 1287 cardinales

488 1344 651 1427 eligerunt
675 1355 709 1410 et
734 1355 982 1422 coronaverunt,
1006 1346 1092 1409 ultra
1116 1363 1157 1430 39
1187 1366 1301 1423 annos,
1324 1365 1369 1410 sc.
1395 1345 1438 1408 ab
1464 1365 1553 1410 anno
1576 1344 1713 1408 Domini
1740 1342 1842 1406 nostri

485 1464 567 1546 Jesu
598 1465 658 1529 Xti
692 1465 787 1550 1378,
818 1467 851 1530 in
881 1466 995 1549 vigilia
1021 1465 1136 1530 Sancti
1167 1465 1340 1530 Laurencii
1372 1465 1512 1529 martiris
1542 1485 1647 1547 usque
1678 1465 1722 1528 ad
1752 1463 1842 1526 diem

488 1584 602 1650 Sancti
628 1585 763 1650 Martini
785 1586 818 1649 in
841 1607 929 1651 anno
950 1587 1085 1650 Domini
1109 1602 1199 1666 1417.
1246 1586 1329 1651 Haec
1355 1586 1467 1649 omnia
1488 1593 1604 1668 patent
1627 1587 1660 1649 in
1682 1583 1767 1648 libro
1788 1583 1842 1646 De

486 1707 590 1787 gestis
614 1707 741 1770 concilii
757 1707 875 1785 Pisani,
890 1717 925 1772 et
943 1707 997 1770 De
1016 1709 1119 1790 gestis
1142 1706 1270 1772 concilii
1287 1705 1563 1784 ConstanciensiS,
1580 1716 1614 1770 et
1635 1713 1686 1769 est
1703 1704 1842 1787 pradic-

487 1837 541 1891 tus
561 1827 644 1891 liber
663 1829 804 1911 scriptus
825 1829 857 1890 in
874 1828 991 1911 papiro
1013 1829 1045 1890 in
1067 1827 1206 1910 collegio
1223 1827 1413 1892 Dunelmiae
1436 1828 1470 1890 in
1485 1827 1640 1904 Oxonia3
1665 1825 1842 1910 praedictus

488 1947 577 2010 enim
607 1968 695 2030 papa
720 1948 890 2029 Johannes
911 1965 951 2030 23
981 1949 1069 2013 clam
1095 1949 1244 2032 fugiebat
1267 1970 1288 2012 a
1315 1948 1453 2013 concilio
1484 1946 1745 2025 Constanciensi,
1775 1965 1841 2009 non

486 2068 640 2132 obstante
664 2070 754 2151 quod
779 2089 868 2132 anno
895 2069 1012 2150 quinto
1036 2069 1086 2132 sui
1113 2070 1326 2152 pontificatus
1352 2091 1409 2134 seu
1434 2069 1578 2132 Romani
1601 2077 1743 2152 papatus
1764 2066 1842 2130 lecit

486 2187 613 2251 bullam
640 2210 733 2253 suam
760 2187 979 2264 Constanciae‚
1006 2190 1160 2253 omnibus
1190 2191 1347 2255 universis
1375 2190 1435 2255 Xti
1462 2189 1615 2254 fidelibus
1641 2197 1676 2253 et
1706 2187 1841 2263 caeteris,

485 2309 520 2371 in
543 2331 609 2392 qua
632 2308 723 2373 bulla
747 2309 837 2374 idem
857 2309 1027 2391 Johannes
1047 2331 1136 2392 papa
1159 2311 1288 2394 scripsit
1312 2311 1384 2376 haec
1408 2311 1529 2376 verba:
1557 2310 1650 2393 ‘Ego
1672 2308 1841 2390 Johannes

485 2449 574 2512 papa
599 2447 651 2513 23,
682 2439 817 2512 propter
847 2431 993 2511 quietem
1027 2433 1134 2494 tocius
1164 2432 1277 2515 populi
1314 2432 1438 2508 Xtiani,
1468 2431 1625 2514 profiteor
1659 2439 1778 2513 sponte
1807 2437 1841 2492 et

485 2550 589 2613 libere
621 2550 701 2614 dare
735 2570 852 2632 pacem
882 2551 943 2633 ipsi
981 2551 1127 2615 ecclesiae
1158 2572 1217 2633 per
1248 2553 1336 2615 viam
1375 2573 1458 2616 meae
1495 2549 1653 2634 simplicis
1685 2549 1840 2614 cessionis

486 2681 638 2752 papatus,
656 2681 691 2734 et
713 2690 787 2734 eam
808 2670 915 2735 lacere
939 2683 973 2734 et
997 2671 1179 2754 adimplere
1202 2693 1277 2737 cum
1297 2673 1424 2750 effectu,
1445 2673 1545 2755 juxta
1566 2671 1840 2736 deliberationem

485 2791 658 2872 praesentis
687 2789 825 2869 concilii,
850 2811 896 2855 sc.
924 2789 1210 2858 Constanciensis.'
1267 2793 1352 2858 Haec
1384 2793 1543 2875 praedicta
1571 2792 1672 2856 verba
1700 2801 1778 2855 sunt
1808 2791 1843 2856 in

485 2909 542 2974 illa
565 2910 656 2974 bulla
679 2933 776 2995 papae
800 2911 962 2994 Johannis
983 2912 1079 2994 xxiij,
1098 2934 1198 2995 quam
1221 2913 1288 2978 vidi
1315 2914 1347 2977 in
1375 2915 1535 2997 praedicto
1557 2913 1641 2978 libro
1664 2914 1717 2976 De
1738 2913 1841 2996 gestis

487 3029 755 3096 Constanciensis
779 3031 915 3108 concilii,
935 3045 970 3097 et
993 3043 1087 3115 patet
1109 3035 1214 3097 eciam
1237 3034 1270 3096 in
1295 3034 1352 3098 illa
1374 3034 1468 3098 bulla
1490 3055 1586 3117 papae
1608 3033 1770 3115 Johannis
1789 3049 1840 3116 23,

486 3152 577 3234 quod
602 3152 679 3248 ipse·
702 3162 782 3218 tunc
804 3174 893 3236 papa
922 3154 1170 3218 universitatem
1200 3154 1328 3218 concilii
1358 3153 1625 3221 Constanciensis
1655 3152 1842 3236 requirebat

486 3281 519 3336 et
538 3271 733 3338 hortabatur
753 3273 788 3336 11
810 3273 965 3350 Domino
987 3275 1078 3356 quod
1103 3274 1236 3338 Petrum
1260 3275 1302 3338 de
1325 3275 1430 3354 Luna,
1453 3275 1672 3340 Benedictum
1692 3272 1783 3355 xiiju
1807 3281 1842 3336 et

484 3392 656 3474 Angelum
687 3394 730 3457 de
756 3391 911 3473 Coriario,
939 3393 1135 3476 Gregorium
1160 3393 1239 3476 xijm,
1270 3416 1410 3478 quorum
1440 3405 1579 3478 uterque
1610 3395 1644 3458 11
1672 3413 1735 3457 sua
1762 3393 1842 3456 obe·

485 3513 613 3578 diencia
647 3515 905 3598 nuncupabatur,
932 3516 976 3580 ad
1005 3516 1131 3580 dictam
1161 3537 1278 3598 pacem
1308 3517 1493 3596 invitarent,
1523 3525 1557 3580 et
1588 3515 1695 3580 eciam
1725 3532 1840 3576 eorum

484 3633 704 3712 obediencias,
723 3645 756 3700 et
780 3636 885 3700 eciam
908 3636 997 3718 quod
1022 3635 1102 3699 illud
1126 3636 1300 3700 concilium
1323 3637 1473 3701 similiter
1495 3637 1665 3701 induceret
1687 3632 1842 3699 1111111-

485 3754 620 3818 tualiter
647 3755 756 3820 induci
773 3761 972 3839 'procuraret
995 3757 1213 3820 Benedictum
1237 3757 1320 3839 11111111
1345 3759 1389 3822 ad
1418 3758 1507 3822 viam
1536 3765 1661 3820 mutuae
1685 3754 1842 3818 cessionis

485 3875 622 3940 celerius
644 3879 861 3959 exequendae.
908 3877 1086 3959 Gregorius
1109 3879 1197 3940 enirn
1224 3878 1269 3960 xij
1291 3888 1418 3961 postea,
1433 3900 1493 3962 per
1513 3899 1590 3942 suos
1613 3885 1842 3962 procuratores

486 3995 705 4075 Constanciae‚
726 4008 888 4080 papatum
903 4019 1000 4061 suum
1016 3999 1141 4061 ibidem
1162 3999 1195 4060 in
1211 3999 1350 4063 concilio
1369 4001 1556 4083 resignavit.
1591 3999 1707 4062 Petrus
1727 4005 1840 4061 autem

485 4116 528 4179 de
553 4117 659 4194 Luna,
687 4117 813 4182 habens
836 4118 1043 4201 Aragoniam
1067 4119 1099 4182 in
1123 4140 1182 4182 sua
1208 4119 1413 4197 obediencia,
1437 4141 1498 4185 nec
1524 4141 1584 4204 per
1610 4120 1755 4202 seipsum
1780 4135 1841 4180 nec

484 4257 544 4320 per
574 4238 711 4302 nuncios
743 4259 932 4322 comparere
959 4239 1168 4306 Constanciae
1194 4240 1319 4320 voluit;
1354 4241 1408 4306 ille
1439 4242 1527 4306 11111
1554 4239 1753 4305 Benedictus
1780 4235 1839 4318 xiij
