<?xml version="1.0" encoding="UTF-8"?>
<!DOCTYPE html PUBLIC "-//W3C//DTD XHTML 1.0 Transitional//EN"
    "http://www.w3.org/TR/xhtml1/DTD/xhtml1-transitional.dtd">
<html xmlns="http://www.w3.org/1999/xhtml" xml:lang="en" lang="en">
 <head>
  <title>
</title>
<meta http-equiv="Content-Type" content="text/html;charset=utf-8" />
  <meta name='ocr-system' content='tesseract 3.04.00' />
  <meta name='ocr-capabilities' content='ocr_page ocr_carea ocr_par ocr_line ocrx_word'/>
</head>
<body>
  <div class='ocr_page' id='page_1' title='image "./locielibroverit01gascgoog_0172.png"; bbox 0 0 4338 4936; ppageno 0'>
   <div class='ocr_carea' id='block_1_1' title="bbox 734 412 1708 493">
    <p class='ocr_par' dir='ltr' id='par_1_1' title="bbox 734 412 1708 493">
     <span class='ocr_line' id='line_1_1' title="bbox 734 412 1708 493; baseline -0.002 -17"><span class='ocrx_word' id='word_1_1' title='bbox 734 422 832 476; x_wconf 84' lang='lat' dir='ltr'><em>LOCI</em></span> <span class='ocrx_word' id='word_1_2' title='bbox 858 422 887 474; x_wconf 82' lang='lat' dir='ltr'><em>E</em></span> <span class='ocrx_word' id='word_1_3' title='bbox 916 420 1040 474; x_wconf 83' lang='lat' dir='ltr'><em>LIBRO</em></span> <span class='ocrx_word' id='word_1_4' title='bbox 1076 418 1334 473; x_wconf 74' lang='lat' dir='ltr'><em>VERJTATUM.</em></span> <span class='ocrx_word' id='word_1_5' title='bbox 1667 412 1708 493; x_wconf 88' lang='lat'>69</span> 
     </span>
    </p>
   </div>
   <div class='ocr_carea' id='block_1_2' title="bbox 357 637 1721 3994">
    <p class='ocr_par' dir='ltr' id='par_1_2' title="bbox 357 637 1721 3994">
     <span class='ocr_line' id='line_1_2' title="bbox 357 637 1710 724; baseline -0.002 -18"><span class='ocrx_word' id='word_1_6' title='bbox 357 661 419 724; x_wconf 93' lang='lat' dir='ltr'>pro</span> <span class='ocrx_word' id='word_1_7' title='bbox 443 640 567 705; x_wconf 84' lang='lat' dir='ltr'>honore</span> <span class='ocrx_word' id='word_1_8' title='bbox 592 661 651 704; x_wconf 91' lang='lat' dir='ltr'>suo</span> <span class='ocrx_word' id='word_1_9' title='bbox 677 652 709 704; x_wconf 92' lang='lat' dir='ltr'>et</span> <span class='ocrx_word' id='word_1_10' title='bbox 734 661 793 722; x_wconf 92' lang='lat' dir='ltr'>pro</span> <span class='ocrx_word' id='word_1_11' title='bbox 820 638 945 702; x_wconf 83' lang='lat' dir='ltr'>delidis</span> <span class='ocrx_word' id='word_1_12' title='bbox 972 639 1078 702; x_wconf 89' lang='lat' dir='ltr'>carnis</span> <span class='ocrx_word' id='word_1_13' title='bbox 1103 657 1202 720; x_wconf 89' lang='lat' dir='ltr'>quam</span> <span class='ocrx_word' id='word_1_14' title='bbox 1233 658 1293 719; x_wconf 90' lang='lat' dir='ltr'>pro</span> <span class='ocrx_word' id='word_1_15' title='bbox 1319 637 1493 702; x_wconf 91' lang='lat' dir='ltr'>virtutibus</span> <span class='ocrx_word' id='word_1_16' title='bbox 1520 649 1553 703; x_wconf 92' lang='lat' dir='ltr'>et</span> <span class='ocrx_word' id='word_1_17' title='bbox 1583 639 1710 704; x_wconf 84' lang='lat' dir='ltr'>actibus</span> 
     </span>
     <span class='ocr_line' id='line_1_3' title="bbox 360 759 1710 844; baseline -0.003 -18"><span class='ocrx_word' id='word_1_18' title='bbox 360 765 479 826; x_wconf 92' lang='lat' dir='ltr'>divinis</span> <span class='ocrx_word' id='word_1_19' title='bbox 506 761 774 844; x_wconf 58' lang='lat' dir='ltr'>multiplicandis</span> <span class='ocrx_word' id='word_1_20' title='bbox 802 771 834 823; x_wconf 92' lang='lat' dir='ltr'>et</span> <span class='ocrx_word' id='word_1_21' title='bbox 864 761 911 823; x_wconf 90' lang='lat' dir='ltr'>sic</span> <span class='ocrx_word' id='word_1_22' title='bbox 940 761 1151 841; x_wconf 88' lang='lat' dir='ltr'>consequitur</span> <span class='ocrx_word' id='word_1_23' title='bbox 1176 769 1214 822; x_wconf 93' lang='lat' dir='ltr'>ut</span> <span class='ocrx_word' id='word_1_24' title='bbox 1244 779 1356 822; x_wconf 86' lang='lat' dir='ltr'>servus</span> <span class='ocrx_word' id='word_1_25' title='bbox 1387 759 1539 842; x_wconf 81' lang='lat' dir='ltr'>indignus</span> <span class='ocrx_word' id='word_1_26' title='bbox 1566 770 1598 824; x_wconf 90' lang='lat' dir='ltr'>et</span> <span class='ocrx_word' id='word_1_27' title='bbox 1626 780 1710 825; x_wconf 89' lang='lat' dir='ltr'>mer·</span> 
     </span>
     <span class='ocr_line' id='line_1_4' title="bbox 360 879 1711 965; baseline -0.002 -18"><span class='ocrx_word' id='word_1_28' title='bbox 360 885 510 948; x_wconf 89' lang='lat' dir='ltr'>cenarius</span> <span class='ocrx_word' id='word_1_29' title='bbox 540 883 654 965; x_wconf 88' lang='lat' dir='ltr'>pocius</span> <span class='ocrx_word' id='word_1_30' title='bbox 685 882 826 944; x_wconf 84' lang='lat' dir='ltr'>intendit</span> <span class='ocrx_word' id='word_1_31' title='bbox 857 901 952 944; x_wconf 91' lang='lat' dir='ltr'>suum</span> <span class='ocrx_word' id='word_1_32' title='bbox 983 879 1108 944; x_wconf 91' lang='lat' dir='ltr'>lucrum</span> <span class='ocrx_word' id='word_1_33' title='bbox 1140 881 1353 952; x_wconf 86' lang='lat' dir='ltr'>mundanum,</span> <span class='ocrx_word' id='word_1_34' title='bbox 1378 899 1477 962; x_wconf 93' lang='lat' dir='ltr'>quam</span> <span class='ocrx_word' id='word_1_35' title='bbox 1505 881 1629 944; x_wconf 93' lang='lat' dir='ltr'>domini</span> <span class='ocrx_word' id='word_1_36' title='bbox 1661 883 1711 944; x_wconf 86' lang='lat' dir='ltr'>sui</span> 
     </span>
     <span class='ocr_line' id='line_1_5' title="bbox 360 998 1712 1082; baseline 0 -16"><span class='ocrx_word' id='word_1_37' title='bbox 360 1003 485 1066; x_wconf 93' lang='lat' dir='ltr'>bonum</span> <span class='ocrx_word' id='word_1_38' title='bbox 502 1013 534 1066; x_wconf 92' lang='lat' dir='ltr'>et</span> <span class='ocrx_word' id='word_1_39' title='bbox 554 1015 679 1066; x_wconf 91' lang='lat' dir='ltr'>rectum</span> <span class='ocrx_word' id='word_1_40' title='bbox 700 1003 870 1065; x_wconf 83' lang='lat' dir='ltr'>servicium</span> <span class='ocrx_word' id='word_1_41' title='bbox 891 1001 1188 1082; x_wconf 89' lang='lat' dir='ltr'>multiplicandum.</span> <span class='ocrx_word' id='word_1_42' title='bbox 1234 999 1264 1064; x_wconf 95' lang='lat' dir='ltr'>O</span> <span class='ocrx_word' id='word_1_43' title='bbox 1284 998 1393 1062; x_wconf 85' lang='lat' dir='ltr'>Deus!</span> <span class='ocrx_word' id='word_1_44' title='bbox 1418 1003 1501 1065; x_wconf 91' lang='lat' dir='ltr'>educ</span> <span class='ocrx_word' id='word_1_45' title='bbox 1522 1002 1564 1065; x_wconf 93' lang='lat' dir='ltr'>de</span> <span class='ocrx_word' id='word_1_46' title='bbox 1585 1021 1712 1066; x_wconf 90' lang='lat' dir='ltr'>carcere</span> 
     </span>
     <span class='ocr_line' id='line_1_6' title="bbox 361 1120 1712 1206; baseline 0.001 -21"><span class='ocrx_word' id='word_1_47' title='bbox 361 1125 556 1206; x_wconf 81' lang='lat' dir='ltr'>ignoranciae</span> <span class='ocrx_word' id='word_1_48' title='bbox 580 1133 613 1186; x_wconf 94' lang='lat' dir='ltr'>et</span> <span class='ocrx_word' id='word_1_49' title='bbox 636 1124 752 1186; x_wconf 89' lang='lat' dir='ltr'>erroris</span> <span class='ocrx_word' id='word_1_50' title='bbox 775 1120 903 1185; x_wconf 87' lang='lat' dir='ltr'>animas</span> <span class='ocrx_word' id='word_1_51' title='bbox 925 1121 1185 1205; x_wconf 80' lang='lat' dir='ltr'>praesidencium,</span> <span class='ocrx_word' id='word_1_52' title='bbox 1210 1131 1247 1184; x_wconf 91' lang='lat' dir='ltr'>ut</span> <span class='ocrx_word' id='word_1_53' title='bbox 1272 1123 1401 1203; x_wconf 89' lang='lat' dir='ltr'>sapiant</span> <span class='ocrx_word' id='word_1_54' title='bbox 1423 1135 1457 1185; x_wconf 92' lang='lat' dir='ltr'>et</span> <span class='ocrx_word' id='word_1_55' title='bbox 1481 1135 1568 1186; x_wconf 91' lang='lat' dir='ltr'>recte</span> <span class='ocrx_word' id='word_1_56' title='bbox 1591 1123 1712 1186; x_wconf 93' lang='lat' dir='ltr'>intelli·</span> 
     </span>
     <span class='ocr_line' id='line_1_7' title="bbox 362 1243 1712 1326; baseline -0.001 -19"><span class='ocrx_word' id='word_1_57' title='bbox 362 1255 442 1326; x_wconf 83' lang='lat' dir='ltr'>gant</span> <span class='ocrx_word' id='word_1_58' title='bbox 463 1245 620 1326; x_wconf 87' lang='lat' dir='ltr'>judicium</span> <span class='ocrx_word' id='word_1_59' title='bbox 642 1255 735 1308; x_wconf 92' lang='lat' dir='ltr'>tuum</span> <span class='ocrx_word' id='word_1_60' title='bbox 762 1255 895 1319; x_wconf 90' lang='lat' dir='ltr'>rectum,</span> <span class='ocrx_word' id='word_1_61' title='bbox 914 1253 948 1306; x_wconf 91' lang='lat' dir='ltr'>et</span> <span class='ocrx_word' id='word_1_62' title='bbox 966 1243 1132 1324; x_wconf 92' lang='lat' dir='ltr'>quomodo</span> <span class='ocrx_word' id='word_1_63' title='bbox 1153 1252 1199 1318; x_wconf 92' lang='lat' dir='ltr'>tu,</span> <span class='ocrx_word' id='word_1_64' title='bbox 1219 1251 1255 1304; x_wconf 91' lang='lat' dir='ltr'>ut</span> <span class='ocrx_word' id='word_1_65' title='bbox 1276 1251 1369 1323; x_wconf 90' lang='lat' dir='ltr'>patet</span> <span class='ocrx_word' id='word_1_66' title='bbox 1394 1243 1425 1304; x_wconf 92' lang='lat' dir='ltr'>in</span> <span class='ocrx_word' id='word_1_67' title='bbox 1447 1253 1505 1306; x_wconf 92' lang='lat' dir='ltr'>tuo</span> <span class='ocrx_word' id='word_1_68' title='bbox 1530 1245 1712 1326; x_wconf 84' lang='lat' dir='ltr'>evangelio,</span> 
     </span>
     <span class='ocr_line' id='line_1_8' title="bbox 362 1363 1713 1446; baseline 0 -19"><span class='ocrx_word' id='word_1_69' title='bbox 362 1386 427 1428; x_wconf 94' lang='lat' dir='ltr'>non</span> <span class='ocrx_word' id='word_1_70' title='bbox 456 1365 586 1428; x_wconf 93' lang='lat' dir='ltr'>voluisti</span> <span class='ocrx_word' id='word_1_71' title='bbox 610 1365 736 1428; x_wconf 89' lang='lat' dir='ltr'>solvere</span> <span class='ocrx_word' id='word_1_72' title='bbox 759 1365 918 1427; x_wconf 89' lang='lat' dir='ltr'>tributum</span> <span class='ocrx_word' id='word_1_73' title='bbox 948 1363 1137 1444; x_wconf 90' lang='lat' dir='ltr'>imperatori</span> <span class='ocrx_word' id='word_1_74' title='bbox 1161 1363 1314 1426; x_wconf 91' lang='lat' dir='ltr'>Romano</span> <span class='ocrx_word' id='word_1_75' title='bbox 1337 1383 1396 1445; x_wconf 92' lang='lat' dir='ltr'>pro</span> <span class='ocrx_word' id='word_1_76' title='bbox 1419 1373 1452 1427; x_wconf 94' lang='lat' dir='ltr'>te</span> <span class='ocrx_word' id='word_1_77' title='bbox 1476 1376 1508 1428; x_wconf 91' lang='lat' dir='ltr'>et</span> <span class='ocrx_word' id='word_1_78' title='bbox 1531 1385 1591 1446; x_wconf 95' lang='lat' dir='ltr'>pro</span> <span class='ocrx_word' id='word_1_79' title='bbox 1615 1365 1713 1428; x_wconf 91' lang='lat' dir='ltr'>Petro</span> 
     </span>
     <span class='ocr_line' id='line_1_9' title="bbox 362 1483 1712 1567; baseline 0 -19"><span class='ocrx_word' id='word_1_80' title='bbox 362 1486 405 1548; x_wconf 91' lang='lat' dir='ltr'>de</span> <span class='ocrx_word' id='word_1_81' title='bbox 428 1485 491 1548; x_wconf 92' lang='lat' dir='ltr'>illis</span> <span class='ocrx_word' id='word_1_82' title='bbox 513 1486 616 1558; x_wconf 92' lang='lat' dir='ltr'>bonis,</span> <span class='ocrx_word' id='word_1_83' title='bbox 634 1506 699 1567; x_wconf 86' lang='lat' dir='ltr'>qua</span> <span class='ocrx_word' id='word_1_84' title='bbox 718 1485 830 1547; x_wconf 88' lang='lat' dir='ltr'>oblata</span> <span class='ocrx_word' id='word_1_85' title='bbox 853 1483 984 1546; x_wconf 87' lang='lat' dir='ltr'>luerunt</span> <span class='ocrx_word' id='word_1_86' title='bbox 1003 1485 1035 1545; x_wconf 93' lang='lat' dir='ltr'>in</span> <span class='ocrx_word' id='word_1_87' title='bbox 1057 1504 1133 1545; x_wconf 91' lang='lat' dir='ltr'>usus</span> <span class='ocrx_word' id='word_1_88' title='bbox 1156 1493 1231 1548; x_wconf 85' lang='lat' dir='ltr'>tuos</span> <span class='ocrx_word' id='word_1_89' title='bbox 1252 1483 1348 1546; x_wconf 91' lang='lat' dir='ltr'>utiles</span> <span class='ocrx_word' id='word_1_90' title='bbox 1371 1495 1403 1547; x_wconf 93' lang='lat' dir='ltr'>et</span> <span class='ocrx_word' id='word_1_91' title='bbox 1427 1485 1459 1547; x_wconf 90' lang='lat' dir='ltr'>in</span> <span class='ocrx_word' id='word_1_92' title='bbox 1483 1486 1712 1550; x_wconf 91' lang='lat' dir='ltr'>necessitatem</span> 
     </span>
     <span class='ocr_line' id='line_1_10' title="bbox 362 1605 1714 1689; baseline 0.001 -22"><span class='ocrx_word' id='word_1_93' title='bbox 362 1605 571 1669; x_wconf 84' lang='lat' dir='ltr'><strong>relevandam</strong></span> <span class='ocrx_word' id='word_1_94' title='bbox 596 1605 830 1687; x_wconf 91' lang='lat' dir='ltr'>discipulorum</span> <span class='ocrx_word' id='word_1_95' title='bbox 854 1615 994 1680; x_wconf 89' lang='lat' dir='ltr'>tuorum,</span> <span class='ocrx_word' id='word_1_96' title='bbox 1019 1615 1070 1668; x_wconf 88' lang='lat' dir='ltr'>set</span> <span class='ocrx_word' id='word_1_97' title='bbox 1094 1606 1136 1666; x_wconf 90' lang='lat' dir='ltr'>de</span> <span class='ocrx_word' id='word_1_98' title='bbox 1162 1614 1285 1668; x_wconf 83' lang='lat' dir='ltr'>statere</span> <span class='ocrx_word' id='word_1_99' title='bbox 1313 1605 1446 1668; x_wconf 91' lang='lat' dir='ltr'>invento</span> <span class='ocrx_word' id='word_1_100' title='bbox 1474 1607 1506 1668; x_wconf 93' lang='lat' dir='ltr'>in</span> <span class='ocrx_word' id='word_1_101' title='bbox 1533 1627 1589 1669; x_wconf 93' lang='lat' dir='ltr'>ore</span> <span class='ocrx_word' id='word_1_102' title='bbox 1616 1607 1714 1689; x_wconf 90' lang='lat' dir='ltr'>piscis</span> 
     </span>
     <span class='ocr_line' id='line_1_11' title="bbox 363 1723 1715 1806; baseline 0.001 -17"><span class='ocrx_word' id='word_1_103' title='bbox 363 1726 488 1790; x_wconf 92' lang='lat' dir='ltr'>solvisti</span> <span class='ocrx_word' id='word_1_104' title='bbox 519 1726 680 1789; x_wconf 91' lang='lat' dir='ltr'>tributum</span> <span class='ocrx_word' id='word_1_105' title='bbox 711 1746 770 1806; x_wconf 92' lang='lat' dir='ltr'>per</span> <span class='ocrx_word' id='word_1_106' title='bbox 803 1745 920 1787; x_wconf 86' lang='lat' dir='ltr'>manus</span> <span class='ocrx_word' id='word_1_107' title='bbox 952 1723 1048 1802; x_wconf 92' lang='lat' dir='ltr'>Petri,</span> <span class='ocrx_word' id='word_1_108' title='bbox 1082 1726 1167 1806; x_wconf 90' lang='lat' dir='ltr'>quia,</span> <span class='ocrx_word' id='word_1_109' title='bbox 1200 1733 1235 1787; x_wconf 89' lang='lat' dir='ltr'>ut</span> <span class='ocrx_word' id='word_1_110' title='bbox 1265 1735 1407 1788; x_wconf 88' lang='lat' dir='ltr'>testatur</span> <span class='ocrx_word' id='word_1_111' title='bbox 1435 1737 1568 1790; x_wconf 84' lang='lat' dir='ltr'>sanctus</span> <span class='ocrx_word' id='word_1_112' title='bbox 1597 1727 1715 1790; x_wconf 91' lang='lat' dir='ltr'>doctor</span> 
     </span>
     <span class='ocr_line' id='line_1_12' title="bbox 362 1844 1714 1929; baseline 0.002 -20"><span class='ocrx_word' id='word_1_113' title='bbox 362 1846 549 1928; x_wconf 89' lang='lat' dir='ltr'>Jeronimus</span> <span class='ocrx_word' id='word_1_114' title='bbox 570 1849 603 1910; x_wconf 94' lang='lat' dir='ltr'>in</span> <span class='ocrx_word' id='word_1_115' title='bbox 620 1845 874 1909; x_wconf 83' lang='lat' dir='ltr'>Commentariis</span> <span class='ocrx_word' id='word_1_116' title='bbox 895 1866 993 1927; x_wconf 92' lang='lat' dir='ltr'>super</span> <span class='ocrx_word' id='word_1_117' title='bbox 1008 1844 1191 1924; x_wconf 87' lang='lat' dir='ltr'>Matheum‚</span> <span class='ocrx_word' id='word_1_118' title='bbox 1208 1845 1331 1928; x_wconf 88' lang='lat' dir='ltr'>nephas</span> <span class='ocrx_word' id='word_1_119' title='bbox 1352 1867 1422 1910; x_wconf 91' lang='lat' dir='ltr'>esse</span> <span class='ocrx_word' id='word_1_120' title='bbox 1443 1851 1623 1929; x_wconf 83' lang='lat' dir='ltr'>cognovisti</span> <span class='ocrx_word' id='word_1_121' title='bbox 1645 1870 1714 1912; x_wconf 93' lang='lat' dir='ltr'>rem</span> 
     </span>
     <span class='ocr_line' id='line_1_13' title="bbox 363 1968 1715 2050; baseline 0.001 -18"><span class='ocrx_word' id='word_1_122' title='bbox 363 1971 476 2035; x_wconf 89' lang='lat' dir='ltr'>datam</span> <span class='ocrx_word' id='word_1_123' title='bbox 501 1971 533 2032; x_wconf 94' lang='lat' dir='ltr'>in</span> <span class='ocrx_word' id='word_1_124' title='bbox 558 1989 634 2032; x_wconf 91' lang='lat' dir='ltr'>usus</span> <span class='ocrx_word' id='word_1_125' title='bbox 657 1978 788 2031; x_wconf 92' lang='lat' dir='ltr'>sanctos</span> <span class='ocrx_word' id='word_1_126' title='bbox 812 1977 845 2030; x_wconf 92' lang='lat' dir='ltr'>et</span> <span class='ocrx_word' id='word_1_127' title='bbox 868 1988 927 2050; x_wconf 93' lang='lat' dir='ltr'>pro</span> <span class='ocrx_word' id='word_1_128' title='bbox 950 1969 1071 2030; x_wconf 86' lang='lat' dir='ltr'>sanctis</span> <span class='ocrx_word' id='word_1_129' title='bbox 1094 1968 1292 2050; x_wconf 90' lang='lat' dir='ltr'>pauperibus</span> <span class='ocrx_word' id='word_1_130' title='bbox 1315 1970 1393 2032; x_wconf 88' lang='lat' dir='ltr'>dare</span> <span class='ocrx_word' id='word_1_131' title='bbox 1416 1971 1449 2032; x_wconf 94' lang='lat' dir='ltr'>in</span> <span class='ocrx_word' id='word_1_132' title='bbox 1472 1970 1553 2034; x_wconf 89' lang='lat' dir='ltr'>alios</span> <span class='ocrx_word' id='word_1_133' title='bbox 1577 1991 1653 2034; x_wconf 92' lang='lat' dir='ltr'>usus</span> <span class='ocrx_word' id='word_1_134' title='bbox 1681 1983 1715 2035; x_wconf 91' lang='lat' dir='ltr'>et</span> 
     </span>
     <span class='ocr_line' id='line_1_14' title="bbox 364 2090 1717 2175; baseline 0.001 -20"><span class='ocrx_word' id='word_1_135' title='bbox 364 2113 429 2155; x_wconf 94' lang='lat' dir='ltr'>non</span> <span class='ocrx_word' id='word_1_136' title='bbox 456 2092 663 2174; x_wconf 87' lang='lat' dir='ltr'>pauperibus.</span> <span class='ocrx_word' id='word_1_137' title='bbox 710 2090 782 2153; x_wconf 92' lang='lat' dir='ltr'>Nec</span> <span class='ocrx_word' id='word_1_138' title='bbox 806 2101 856 2154; x_wconf 90' lang='lat' dir='ltr'>est</span> <span class='ocrx_word' id='word_1_139' title='bbox 881 2110 1013 2153; x_wconf 91' lang='lat' dir='ltr'>securus</span> <span class='ocrx_word' id='word_1_140' title='bbox 1038 2091 1069 2152; x_wconf 92' lang='lat' dir='ltr'>in</span> <span class='ocrx_word' id='word_1_141' title='bbox 1097 2091 1298 2154; x_wconf 88' lang='lat' dir='ltr'>consciencia</span> <span class='ocrx_word' id='word_1_142' title='bbox 1323 2111 1434 2155; x_wconf 90' lang='lat' dir='ltr'>coram</span> <span class='ocrx_word' id='word_1_143' title='bbox 1460 2092 1534 2156; x_wconf 91' lang='lat' dir='ltr'>Deo</span> <span class='ocrx_word' id='word_1_144' title='bbox 1559 2094 1717 2175; x_wconf 87' lang='lat' dir='ltr'>quisquis,</span> 
     </span>
     <span class='ocr_line' id='line_1_15' title="bbox 363 2212 1715 2297; baseline -0.001 -18"><span class='ocrx_word' id='word_1_145' title='bbox 363 2237 439 2279; x_wconf 92' lang='lat' dir='ltr'>cum</span> <span class='ocrx_word' id='word_1_146' title='bbox 465 2236 533 2297; x_wconf 92' lang='lat' dir='ltr'>quo</span> <span class='ocrx_word' id='word_1_147' title='bbox 559 2234 646 2295; x_wconf 89' lang='lat' dir='ltr'>papa</span> <span class='ocrx_word' id='word_1_148' title='bbox 673 2214 851 2294; x_wconf 87' lang='lat' dir='ltr'>dispensat,</span> <span class='ocrx_word' id='word_1_149' title='bbox 877 2212 953 2293; x_wconf 92' lang='lat' dir='ltr'>quia</span> <span class='ocrx_word' id='word_1_150' title='bbox 984 2232 1072 2293; x_wconf 84' lang='lat' dir='ltr'>saepe</span> <span class='ocrx_word' id='word_1_151' title='bbox 1099 2231 1184 2294; x_wconf 90' lang='lat' dir='ltr'>papa</span> <span class='ocrx_word' id='word_1_152' title='bbox 1211 2213 1244 2275; x_wconf 92' lang='lat' dir='ltr'>in</span> <span class='ocrx_word' id='word_1_153' title='bbox 1268 2213 1390 2295; x_wconf 90' lang='lat' dir='ltr'>judicio</span> <span class='ocrx_word' id='word_1_154' title='bbox 1416 2213 1499 2276; x_wconf 88' lang='lat' dir='ltr'>lallit</span> <span class='ocrx_word' id='word_1_155' title='bbox 1525 2223 1558 2276; x_wconf 92' lang='lat' dir='ltr'>et</span> <span class='ocrx_word' id='word_1_156' title='bbox 1584 2214 1715 2292; x_wconf 89' lang='lat' dir='ltr'>sallitur,</span> 
     </span>
     <span class='ocr_line' id='line_1_16' title="bbox 364 2333 1715 2418; baseline 0.002 -20"><span class='ocrx_word' id='word_1_157' title='bbox 364 2346 401 2398; x_wconf 94' lang='lat' dir='ltr'>ut</span> <span class='ocrx_word' id='word_1_158' title='bbox 424 2345 517 2418; x_wconf 92' lang='lat' dir='ltr'>patet</span> <span class='ocrx_word' id='word_1_159' title='bbox 542 2336 574 2398; x_wconf 94' lang='lat' dir='ltr'>in</span> <span class='ocrx_word' id='word_1_160' title='bbox 597 2335 750 2415; x_wconf 78' lang='lat' dir='ltr'>antiquiS,</span> <span class='ocrx_word' id='word_1_161' title='bbox 766 2355 809 2397; x_wconf 91' lang='lat' dir='ltr'>sc.</span> <span class='ocrx_word' id='word_1_162' title='bbox 828 2333 945 2415; x_wconf 92' lang='lat' dir='ltr'>quinto</span> <span class='ocrx_word' id='word_1_163' title='bbox 966 2333 1048 2397; x_wconf 91' lang='lat' dir='ltr'>libro</span> <span class='ocrx_word' id='word_1_164' title='bbox 1071 2333 1294 2397; x_wconf 88' lang='lat' dir='ltr'>Decretalium</span> <span class='ocrx_word' id='word_1_165' title='bbox 1314 2336 1355 2397; x_wconf 92' lang='lat' dir='ltr'>de</span> <span class='ocrx_word' id='word_1_166' title='bbox 1376 2353 1504 2397; x_wconf 90' lang='lat' dir='ltr'>summa</span> <span class='ocrx_word' id='word_1_167' title='bbox 1524 2356 1715 2400; x_wconf 88' lang='lat' dir='ltr'>excommu-</span> 
     </span>
     <span class='ocr_line' id='line_1_17' title="bbox 359 2455 1716 2537; baseline 0.002 -17"><span class='ocrx_word' id='word_1_168' title='bbox 359 2458 541 2532; x_wconf 89' lang='lat' dir='ltr'>nicacione,</span> <span class='ocrx_word' id='word_1_169' title='bbox 569 2467 602 2520; x_wconf 92' lang='lat' dir='ltr'>et</span> <span class='ocrx_word' id='word_1_170' title='bbox 628 2455 778 2537; x_wconf 90' lang='lat' dir='ltr'>quamvis</span> <span class='ocrx_word' id='word_1_171' title='bbox 805 2474 901 2537; x_wconf 89' lang='lat' dir='ltr'>papa,</span> <span class='ocrx_word' id='word_1_172' title='bbox 928 2465 1038 2519; x_wconf 88' lang='lat' dir='ltr'>motus</span> <span class='ocrx_word' id='word_1_173' title='bbox 1063 2455 1117 2518; x_wconf 91' lang='lat' dir='ltr'>vel</span> <span class='ocrx_word' id='word_1_174' title='bbox 1147 2457 1397 2537; x_wconf 83' lang='lat' dir='ltr'>importunitate</span> <span class='ocrx_word' id='word_1_175' title='bbox 1426 2458 1538 2534; x_wconf 90' lang='lat' dir='ltr'>victus,</span> <span class='ocrx_word' id='word_1_176' title='bbox 1565 2459 1716 2524; x_wconf 90' lang='lat' dir='ltr'>licenciet</span> 
     </span>
     <span class='ocr_line' id='line_1_18' title="bbox 363 2576 1717 2662; baseline 0.004 -21"><span class='ocrx_word' id='word_1_177' title='bbox 363 2589 399 2641; x_wconf 92' lang='lat' dir='ltr'>te</span> <span class='ocrx_word' id='word_1_178' title='bbox 414 2578 481 2641; x_wconf 93' lang='lat' dir='ltr'>duo</span> <span class='ocrx_word' id='word_1_179' title='bbox 500 2576 659 2640; x_wconf 88' lang='lat' dir='ltr'>beneficia</span> <span class='ocrx_word' id='word_1_180' title='bbox 674 2577 726 2640; x_wconf 92' lang='lat' dir='ltr'>vel</span> <span class='ocrx_word' id='word_1_181' title='bbox 747 2597 789 2639; x_wconf 87' lang='lat' dir='ltr'>ex</span> <span class='ocrx_word' id='word_1_182' title='bbox 807 2576 880 2658; x_wconf 91' lang='lat' dir='ltr'>jure</span> <span class='ocrx_word' id='word_1_183' title='bbox 900 2577 1159 2658; x_wconf 88' lang='lat' dir='ltr'>incompatibilia</span> <span class='ocrx_word' id='word_1_184' title='bbox 1179 2577 1309 2652; x_wconf 86' lang='lat' dir='ltr'>habere,</span> <span class='ocrx_word' id='word_1_185' title='bbox 1327 2598 1392 2641; x_wconf 91' lang='lat' dir='ltr'>non</span> <span class='ocrx_word' id='word_1_186' title='bbox 1412 2588 1483 2642; x_wconf 93' lang='lat' dir='ltr'>tum</span> <span class='ocrx_word' id='word_1_187' title='bbox 1502 2590 1612 2662; x_wconf 89' lang='lat' dir='ltr'>potest</span> <span class='ocrx_word' id='word_1_188' title='bbox 1628 2593 1717 2646; x_wconf 91' lang='lat' dir='ltr'>recte</span> 
     </span>
     <span class='ocr_line' id='line_1_19' title="bbox 363 2697 1718 2784; baseline 0.006 -24"><span class='ocrx_word' id='word_1_189' title='bbox 363 2698 536 2762; x_wconf 90' lang='lat' dir='ltr'>licenciare</span> <span class='ocrx_word' id='word_1_190' title='bbox 559 2707 592 2762; x_wconf 89' lang='lat' dir='ltr'>te</span> <span class='ocrx_word' id='word_1_191' title='bbox 615 2699 657 2762; x_wconf 89' lang='lat' dir='ltr'>ad</span> <span class='ocrx_word' id='word_1_192' title='bbox 681 2698 728 2762; x_wconf 91' lang='lat' dir='ltr'>sic</span> <span class='ocrx_word' id='word_1_193' title='bbox 750 2697 942 2761; x_wconf 89' lang='lat' dir='ltr'>habendum</span> <span class='ocrx_word' id='word_1_194' title='bbox 965 2708 999 2761; x_wconf 92' lang='lat' dir='ltr'>et</span> <span class='ocrx_word' id='word_1_195' title='bbox 1021 2699 1064 2760; x_wconf 94' lang='lat' dir='ltr'>ad</span> <span class='ocrx_word' id='word_1_196' title='bbox 1087 2698 1134 2761; x_wconf 91' lang='lat' dir='ltr'>sic</span> <span class='ocrx_word' id='word_1_197' title='bbox 1155 2697 1340 2762; x_wconf 86' lang='lat' dir='ltr'>iaciendum</span> <span class='ocrx_word' id='word_1_198' title='bbox 1363 2710 1399 2763; x_wconf 92' lang='lat' dir='ltr'>ut</span> <span class='ocrx_word' id='word_1_199' title='bbox 1423 2700 1512 2780; x_wconf 88' lang='lat' dir='ltr'>sacis,</span> <span class='ocrx_word' id='word_1_200' title='bbox 1535 2704 1611 2784; x_wconf 89' lang='lat' dir='ltr'>quia</span> <span class='ocrx_word' id='word_1_201' title='bbox 1634 2703 1718 2768; x_wconf 90' lang='lat' dir='ltr'>sorte</span> 
     </span>
     <span class='ocr_line' id='line_1_20' title="bbox 365 2819 1717 2904; baseline 0.006 -23"><span class='ocrx_word' id='word_1_202' title='bbox 365 2821 438 2883; x_wconf 91' lang='lat' dir='ltr'>ocio</span> <span class='ocrx_word' id='word_1_203' title='bbox 464 2841 562 2884; x_wconf 88' lang='lat' dir='ltr'>vacas</span> <span class='ocrx_word' id='word_1_204' title='bbox 590 2829 623 2882; x_wconf 91' lang='lat' dir='ltr'>et</span> <span class='ocrx_word' id='word_1_205' title='bbox 650 2819 785 2882; x_wconf 87' lang='lat' dir='ltr'>delicias</span> <span class='ocrx_word' id='word_1_206' title='bbox 811 2820 923 2896; x_wconf 88' lang='lat' dir='ltr'>nutris,</span> <span class='ocrx_word' id='word_1_207' title='bbox 951 2839 1011 2883; x_wconf 92' lang='lat' dir='ltr'>nec</span> <span class='ocrx_word' id='word_1_208' title='bbox 1037 2839 1096 2901; x_wconf 91' lang='lat' dir='ltr'>per</span> <span class='ocrx_word' id='word_1_209' title='bbox 1126 2819 1227 2883; x_wconf 87' lang='lat' dir='ltr'>talem</span> <span class='ocrx_word' id='word_1_210' title='bbox 1254 2819 1423 2884; x_wconf 88' lang='lat' dir='ltr'>licenciam</span> <span class='ocrx_word' id='word_1_211' title='bbox 1451 2842 1547 2904; x_wconf 81' lang='lat' dir='ltr'>papae</span> <span class='ocrx_word' id='word_1_212' title='bbox 1574 2825 1717 2890; x_wconf 90' lang='lat' dir='ltr'>intendis</span> 
     </span>
     <span class='ocr_line' id='line_1_21' title="bbox 365 2940 1718 3024; baseline 0.004 -20"><span class='ocrx_word' id='word_1_213' title='bbox 365 2941 522 3023; x_wconf 89' lang='lat' dir='ltr'>perficere</span> <span class='ocrx_word' id='word_1_214' title='bbox 544 2941 607 3004; x_wconf 93' lang='lat' dir='ltr'>Dei</span> <span class='ocrx_word' id='word_1_215' title='bbox 629 2940 843 3017; x_wconf 89' lang='lat' dir='ltr'>voluntatem,</span> <span class='ocrx_word' id='word_1_216' title='bbox 859 2942 916 3004; x_wconf 91' lang='lat' dir='ltr'>sed</span> <span class='ocrx_word' id='word_1_217' title='bbox 939 2949 1039 3017; x_wconf 86' lang='lat' dir='ltr'>tuam,</span> <span class='ocrx_word' id='word_1_218' title='bbox 1055 2941 1129 3003; x_wconf 92' lang='lat' dir='ltr'>ideo</span> <span class='ocrx_word' id='word_1_219' title='bbox 1150 2941 1193 3004; x_wconf 89' lang='lat' dir='ltr'>ad</span> <span class='ocrx_word' id='word_1_220' title='bbox 1209 2942 1483 3024; x_wconf 90' lang='lat' dir='ltr'>dampnacionem</span> <span class='ocrx_word' id='word_1_221' title='bbox 1505 2953 1596 3008; x_wconf 92' lang='lat' dir='ltr'>tuam</span> <span class='ocrx_word' id='word_1_222' title='bbox 1618 2949 1718 3010; x_wconf 90' lang='lat' dir='ltr'>uteris</span> 
     </span>
     <span class='ocr_line' id='line_1_22' title="bbox 368 3060 1717 3143; baseline 0.006 -19"><span class='ocrx_word' id='word_1_223' title='bbox 368 3083 464 3143; x_wconf 87' lang='lat' dir='ltr'>papae</span> <span class='ocrx_word' id='word_1_224' title='bbox 488 3060 631 3138; x_wconf 87' lang='lat' dir='ltr'>licencia,</span> <span class='ocrx_word' id='word_1_225' title='bbox 650 3069 734 3124; x_wconf 91' lang='lat' dir='ltr'>teste</span> <span class='ocrx_word' id='word_1_226' title='bbox 758 3060 881 3125; x_wconf 91' lang='lat' dir='ltr'>Sancto</span> <span class='ocrx_word' id='word_1_227' title='bbox 902 3061 1081 3138; x_wconf 87' lang='lat' dir='ltr'>Bamard0,</span> <span class='ocrx_word' id='word_1_228' title='bbox 1101 3062 1237 3125; x_wconf 92' lang='lat' dir='ltr'>doctore</span> <span class='ocrx_word' id='word_1_229' title='bbox 1261 3073 1295 3125; x_wconf 91' lang='lat' dir='ltr'>et</span> <span class='ocrx_word' id='word_1_230' title='bbox 1318 3063 1439 3127; x_wconf 89' lang='lat' dir='ltr'>abbate</span> <span class='ocrx_word' id='word_1_231' title='bbox 1460 3063 1661 3142; x_wconf 87' lang='lat' dir='ltr'>Clarevallis,</span> <span class='ocrx_word' id='word_1_232' title='bbox 1686 3072 1717 3134; x_wconf 91' lang='lat' dir='ltr'>in</span> 
     </span>
     <span class='ocr_line' id='line_1_23' title="bbox 368 3180 1717 3270; baseline 0.007 -26"><span class='ocrx_word' id='word_1_233' title='bbox 368 3181 520 3264; x_wconf 90' lang='lat' dir='ltr'>Epistola</span> <span class='ocrx_word' id='word_1_234' title='bbox 536 3201 595 3243; x_wconf 89' lang='lat' dir='ltr'>sua</span> <span class='ocrx_word' id='word_1_235' title='bbox 611 3181 712 3243; x_wconf 94' lang='lat' dir='ltr'>nobili</span> <span class='ocrx_word' id='word_1_236' title='bbox 728 3181 771 3244; x_wconf 89' lang='lat' dir='ltr'>ad</span> <span class='ocrx_word' id='word_1_237' title='bbox 787 3181 900 3244; x_wconf 89' lang='lat' dir='ltr'>Adam</span> <span class='ocrx_word' id='word_1_238' title='bbox 917 3180 1115 3245; x_wconf 93' lang='lat' dir='ltr'>monachum</span> <span class='ocrx_word' id='word_1_239' title='bbox 1131 3184 1174 3245; x_wconf 91' lang='lat' dir='ltr'>de</span> <span class='ocrx_word' id='word_1_240' title='bbox 1193 3183 1395 3246; x_wconf 86' lang='lat' dir='ltr'>obediencia.</span> <span class='ocrx_word' id='word_1_241' title='bbox 1442 3185 1488 3249; x_wconf 89' lang='lat' dir='ltr'>Et</span> <span class='ocrx_word' id='word_1_242' title='bbox 1509 3186 1540 3249; x_wconf 94' lang='lat' dir='ltr'>in</span> <span class='ocrx_word' id='word_1_243' title='bbox 1564 3188 1717 3270; x_wconf 90' lang='lat' dir='ltr'>Epistola</span> 
     </span>
     <span class='ocr_line' id='line_1_24' title="bbox 367 3302 1717 3382; baseline 0.007 -16"><span class='ocrx_word' id='word_1_244' title='bbox 367 3324 426 3366; x_wconf 87' lang='lat' dir='ltr'>sua</span> <span class='ocrx_word' id='word_1_245' title='bbox 449 3304 492 3366; x_wconf 88' lang='lat' dir='ltr'>ad</span> <span class='ocrx_word' id='word_1_246' title='bbox 517 3303 702 3365; x_wconf 89' lang='lat' dir='ltr'>Robertum</span> <span class='ocrx_word' id='word_1_247' title='bbox 724 3302 973 3367; x_wconf 89' lang='lat' dir='ltr'>Cluniacensem</span> <span class='ocrx_word' id='word_1_248' title='bbox 997 3303 1206 3382; x_wconf 85' lang='lat' dir='ltr'>monachum,</span> <span class='ocrx_word' id='word_1_249' title='bbox 1225 3306 1270 3368; x_wconf 91' lang='lat' dir='ltr'>sic</span> <span class='ocrx_word' id='word_1_250' title='bbox 1292 3305 1338 3368; x_wconf 90' lang='lat' dir='ltr'>ait</span> <span class='ocrx_word' id='word_1_251' title='bbox 1362 3306 1448 3368; x_wconf 91' lang='lat' dir='ltr'>idern</span> <span class='ocrx_word' id='word_1_252' title='bbox 1473 3306 1616 3372; x_wconf 89' lang='lat' dir='ltr'>Sanctus</span> <span class='ocrx_word' id='word_1_253' title='bbox 1639 3311 1717 3375; x_wconf 90' lang='lat' dir='ltr'>Ber-</span> 
     </span>
     <span class='ocr_line' id='line_1_25' title="bbox 368 3423 1719 3511; baseline 0.007 -24"><span class='ocrx_word' id='word_1_254' title='bbox 368 3426 499 3500; x_wconf 90' lang='lat' dir='ltr'>nardus,</span> <span class='ocrx_word' id='word_1_255' title='bbox 517 3423 624 3507; x_wconf 84' lang='lat' dir='ltr'>‘Quid</span> <span class='ocrx_word' id='word_1_256' title='bbox 645 3423 733 3488; x_wconf 91' lang='lat' dir='ltr'>valet</span> <span class='ocrx_word' id='word_1_257' title='bbox 754 3423 813 3488; x_wconf 89' lang='lat' dir='ltr'>tibi</span> <span class='ocrx_word' id='word_1_258' title='bbox 836 3424 963 3506; x_wconf 91' lang='lat' dir='ltr'>papalis</span> <span class='ocrx_word' id='word_1_259' title='bbox 984 3426 1126 3498; x_wconf 89' lang='lat' dir='ltr'>licencia,</span> <span class='ocrx_word' id='word_1_260' title='bbox 1143 3426 1234 3507; x_wconf 89' lang='lat' dir='ltr'>cujus</span> <span class='ocrx_word' id='word_1_261' title='bbox 1254 3428 1490 3491; x_wconf 89' lang='lat' dir='ltr'>conscienciam</span> <span class='ocrx_word' id='word_1_262' title='bbox 1512 3429 1592 3511; x_wconf 86' lang='lat' dir='ltr'>ligat</span> <span class='ocrx_word' id='word_1_263' title='bbox 1607 3433 1719 3497; x_wconf 91' lang='lat' dir='ltr'>divina</span> 
     </span>
     <span class='ocr_line' id='line_1_26' title="bbox 360 3544 1719 3635; baseline 0.007 -27"><span class='ocrx_word' id='word_1_264' title='bbox 360 3546 535 3609; x_wconf 86' lang='lat' dir='ltr'>sentencia</span> <span class='ocrx_word' id='word_1_265' title='bbox 548 3544 578 3607; x_wconf 82' lang='lat'>?’</span> <span class='ocrx_word' id='word_1_266' title='bbox 606 3545 698 3608; x_wconf 92' lang='lat' dir='ltr'>Deus</span> <span class='ocrx_word' id='word_1_267' title='bbox 715 3546 811 3624; x_wconf 85' lang='lat' dir='ltr'>enim,</span> <span class='ocrx_word' id='word_1_268' title='bbox 827 3555 973 3610; x_wconf 90' lang='lat' dir='ltr'>testante</span> <span class='ocrx_word' id='word_1_269' title='bbox 989 3547 1158 3629; x_wconf 88' lang='lat' dir='ltr'>propheta,</span> <span class='ocrx_word' id='word_1_270' title='bbox 1171 3547 1318 3628; x_wconf 87' lang='lat' dir='ltr'>justicias</span> <span class='ocrx_word' id='word_1_271' title='bbox 1335 3549 1507 3630; x_wconf 86' lang='lat' dir='ltr'>judicabit,</span> <span class='ocrx_word' id='word_1_272' title='bbox 1525 3572 1602 3632; x_wconf 89' lang='lat' dir='ltr'>ergo</span> <span class='ocrx_word' id='word_1_273' title='bbox 1619 3553 1719 3635; x_wconf 88' lang='lat' dir='ltr'>injus-</span> 
     </span>
     <span class='ocr_line' id='line_1_27' title="bbox 368 3666 1719 3755; baseline 0.008 -25"><span class='ocrx_word' id='word_1_274' title='bbox 368 3667 462 3730; x_wconf 88' lang='lat' dir='ltr'>ticias</span> <span class='ocrx_word' id='word_1_275' title='bbox 479 3666 663 3747; x_wconf 88' lang='lat' dir='ltr'>judicabit;</span> <span class='ocrx_word' id='word_1_276' title='bbox 687 3668 838 3749; x_wconf 87' lang='lat' dir='ltr'>quamvis</span> <span class='ocrx_word' id='word_1_277' title='bbox 859 3688 936 3749; x_wconf 85' lang='lat' dir='ltr'>ergo</span> <span class='ocrx_word' id='word_1_278' title='bbox 954 3667 1044 3750; x_wconf 90' lang='lat' dir='ltr'>Papa</span> <span class='ocrx_word' id='word_1_279' title='bbox 1062 3669 1232 3732; x_wconf 90' lang='lat' dir='ltr'>Romanus</span> <span class='ocrx_word' id='word_1_280' title='bbox 1252 3669 1335 3733; x_wconf 86' lang='lat' dir='ltr'>sorte</span> <span class='ocrx_word' id='word_1_281' title='bbox 1356 3672 1491 3734; x_wconf 88' lang='lat' dir='ltr'>credens</span> <span class='ocrx_word' id='word_1_282' title='bbox 1511 3683 1544 3736; x_wconf 88' lang='lat' dir='ltr'>te</span> <span class='ocrx_word' id='word_1_283' title='bbox 1559 3686 1719 3755; x_wconf 85' lang='lat' dir='ltr'>sanctum,</span> 
     </span>
     <span class='ocr_line' id='line_1_28' title="bbox 365 3787 1719 3880; baseline 0.009 -31"><span class='ocrx_word' id='word_1_284' title='bbox 365 3787 503 3869; x_wconf 86' lang='lat' dir='ltr'>justum,</span> <span class='ocrx_word' id='word_1_285' title='bbox 524 3797 559 3851; x_wconf 89' lang='lat' dir='ltr'>et</span> <span class='ocrx_word' id='word_1_286' title='bbox 583 3788 752 3864; x_wconf 91' lang='lat' dir='ltr'>scientem,</span> <span class='ocrx_word' id='word_1_287' title='bbox 774 3799 809 3852; x_wconf 90' lang='lat' dir='ltr'>te</span> <span class='ocrx_word' id='word_1_288' title='bbox 831 3789 1013 3853; x_wconf 89' lang='lat' dir='ltr'>licenciavit</span> <span class='ocrx_word' id='word_1_289' title='bbox 1034 3791 1077 3853; x_wconf 88' lang='lat' dir='ltr'>ad</span> <span class='ocrx_word' id='word_1_290' title='bbox 1100 3789 1223 3872; x_wconf 90' lang='lat' dir='ltr'>aliquid</span> <span class='ocrx_word' id='word_1_291' title='bbox 1246 3791 1432 3855; x_wconf 86' lang='lat' dir='ltr'>laciendum</span> <span class='ocrx_word' id='word_1_292' title='bbox 1454 3793 1507 3856; x_wconf 89' lang='lat' dir='ltr'>vel</span> <span class='ocrx_word' id='word_1_293' title='bbox 1530 3797 1572 3858; x_wconf 90' lang='lat' dir='ltr'>ad</span> <span class='ocrx_word' id='word_1_294' title='bbox 1595 3797 1719 3880; x_wconf 86' lang='lat' dir='ltr'>aliquid</span> 
     </span>
     <span class='ocr_line' id='line_1_29' title="bbox 361 3909 1721 3994; baseline 0.01 -24"><span class='ocrx_word' id='word_1_295' title='bbox 361 3909 571 3986; x_wconf 77' lang='lat' dir='ltr'>habendum,</span> <span class='ocrx_word' id='word_1_296' title='bbox 593 3929 659 3972; x_wconf 94' lang='lat' dir='ltr'>non</span> <span class='ocrx_word' id='word_1_297' title='bbox 680 3919 753 3972; x_wconf 93' lang='lat' dir='ltr'>tum</span> <span class='ocrx_word' id='word_1_298' title='bbox 776 3909 958 3973; x_wconf 90' lang='lat' dir='ltr'>licenciavit</span> <span class='ocrx_word' id='word_1_299' title='bbox 982 3931 1042 3974; x_wconf 92' lang='lat' dir='ltr'>nec</span> <span class='ocrx_word' id='word_1_300' title='bbox 1064 3910 1235 3975; x_wconf 92' lang='lat' dir='ltr'>licenciare</span> <span class='ocrx_word' id='word_1_301' title='bbox 1257 3914 1365 3994; x_wconf 91' lang='lat' dir='ltr'>potuit</span> <span class='ocrx_word' id='word_1_302' title='bbox 1388 3915 1430 3977; x_wconf 89' lang='lat' dir='ltr'>ad</span> <span class='ocrx_word' id='word_1_303' title='bbox 1451 3914 1637 3980; x_wconf 86' lang='lat' dir='ltr'>laciendum</span> <span class='ocrx_word' id='word_1_304' title='bbox 1661 3939 1721 3984; x_wconf 90' lang='lat' dir='ltr'>nec</span> 
     </span>
    </p>
   </div>
   <div class='ocr_carea' id='block_1_3' title="bbox 363 4027 1720 4118">
    <p class='ocr_par' dir='ltr' id='par_1_3' title="bbox 363 4027 1720 4118">
     <span class='ocr_line' id='line_1_30' title="bbox 363 4027 1720 4118; baseline 0.012 -29"><span class='ocrx_word' id='word_1_305' title='bbox 363 4029 412 4092; x_wconf 90' lang='lat' dir='ltr'>ad</span> <span class='ocrx_word' id='word_1_306' title='bbox 437 4027 631 4092; x_wconf 89' lang='lat' dir='ltr'>habendum</span> <span class='ocrx_word' id='word_1_307' title='bbox 656 4051 695 4094; x_wconf 93' lang='lat' dir='ltr'>eo</span> <span class='ocrx_word' id='word_1_308' title='bbox 718 4033 819 4094; x_wconf 93' lang='lat' dir='ltr'>modo</span> <span class='ocrx_word' id='word_1_309' title='bbox 846 4051 907 4095; x_wconf 89' lang='lat' dir='ltr'>nec</span> <span class='ocrx_word' id='word_1_310' title='bbox 934 4053 973 4094; x_wconf 93' lang='lat' dir='ltr'>eo</span> <span class='ocrx_word' id='word_1_311' title='bbox 999 4032 1103 4096; x_wconf 88' lang='lat' dir='ltr'>abusu</span> <span class='ocrx_word' id='word_1_312' title='bbox 1128 4055 1194 4115; x_wconf 94' lang='lat' dir='ltr'>quo</span> <span class='ocrx_word' id='word_1_313' title='bbox 1216 4035 1370 4110; x_wconf 87' lang='lat' dir='ltr'>abuteris,</span> <span class='ocrx_word' id='word_1_314' title='bbox 1393 4045 1426 4098; x_wconf 91' lang='lat' dir='ltr'>et</span> <span class='ocrx_word' id='word_1_315' title='bbox 1450 4057 1517 4118; x_wconf 92' lang='lat' dir='ltr'>quo</span> <span class='ocrx_word' id='word_1_316' title='bbox 1543 4040 1663 4103; x_wconf 93' lang='lat' dir='ltr'>viciose</span> <span class='ocrx_word' id='word_1_317' title='bbox 1686 4053 1720 4105; x_wconf 93' lang='lat' dir='ltr'>et</span> 
     </span>
    </p>
   </div>
   <div class='ocr_carea' id='block_1_4' title="bbox 368 4149 1722 4358">
    <p class='ocr_par' dir='ltr' id='par_1_4' title="bbox 368 4149 1722 4358">
     <span class='ocr_line' id='line_1_31' title="bbox 368 4149 1722 4239; baseline 0.01 -27"><span class='ocrx_word' id='word_1_318' title='bbox 368 4149 456 4214; x_wconf 85' lang='lat' dir='ltr'>male</span> <span class='ocrx_word' id='word_1_319' title='bbox 481 4152 591 4214; x_wconf 80' lang='lat' dir='ltr'>uteris,</span> <span class='ocrx_word' id='word_1_320' title='bbox 638 4152 737 4215; x_wconf 90' lang='lat' dir='ltr'>Forte</span> <span class='ocrx_word' id='word_1_321' title='bbox 760 4164 938 4234; x_wconf 90' lang='lat' dir='ltr'>exemptus</span> <span class='ocrx_word' id='word_1_322' title='bbox 965 4175 1000 4216; x_wconf 92' lang='lat' dir='ltr'>es</span> <span class='ocrx_word' id='word_1_323' title='bbox 1025 4154 1067 4216; x_wconf 91' lang='lat' dir='ltr'>ab</span> <span class='ocrx_word' id='word_1_324' title='bbox 1091 4155 1204 4218; x_wconf 92' lang='lat' dir='ltr'>ordine</span> <span class='ocrx_word' id='word_1_325' title='bbox 1229 4157 1392 4239; x_wconf 88' lang='lat' dir='ltr'>religionis</span> <span class='ocrx_word' id='word_1_326' title='bbox 1417 4168 1453 4222; x_wconf 93' lang='lat' dir='ltr'>ut</span> <span class='ocrx_word' id='word_1_327' title='bbox 1479 4159 1604 4223; x_wconf 90' lang='lat' dir='ltr'>meliori</span> <span class='ocrx_word' id='word_1_328' title='bbox 1627 4183 1722 4226; x_wconf 91' lang='lat' dir='ltr'>vaces</span> 
     </span>
     <span class='ocr_line' id='line_1_32' title="bbox 369 4272 1722 4358; baseline 0.01 -24"><span class='ocrx_word' id='word_1_329' title='bbox 369 4272 462 4354; x_wconf 88' lang='lat' dir='ltr'>operi</span> <span class='ocrx_word' id='word_1_330' title='bbox 491 4272 651 4336; x_wconf 73' lang='lat' dir='ltr'>doctrina</span> <span class='ocrx_word' id='word_1_331' title='bbox 678 4283 710 4336; x_wconf 92' lang='lat' dir='ltr'>et</span> <span class='ocrx_word' id='word_1_332' title='bbox 738 4294 827 4348; x_wconf 48' lang='lat' dir='ltr'>curae,</span> <span class='ocrx_word' id='word_1_333' title='bbox 850 4275 1042 4354; x_wconf 86' lang='lat' dir='ltr'>animarum,</span> <span class='ocrx_word' id='word_1_334' title='bbox 1067 4285 1099 4339; x_wconf 88' lang='lat' dir='ltr'>et</span> <span class='ocrx_word' id='word_1_335' title='bbox 1127 4285 1162 4339; x_wconf 89' lang='lat' dir='ltr'>tu</span> <span class='ocrx_word' id='word_1_336' title='bbox 1186 4298 1204 4340; x_wconf 91' lang='lat' dir='ltr'>e</span> <span class='ocrx_word' id='word_1_337' title='bbox 1228 4279 1389 4342; x_wconf 88' lang='lat' dir='ltr'>contrario</span> <span class='ocrx_word' id='word_1_338' title='bbox 1412 4281 1536 4346; x_wconf 89' lang='lat' dir='ltr'>deliciis</span> <span class='ocrx_word' id='word_1_339' title='bbox 1559 4303 1663 4358; x_wconf 87' lang='lat' dir='ltr'>vacas,</span> <span class='ocrx_word' id='word_1_340' title='bbox 1689 4295 1722 4348; x_wconf 91' lang='lat' dir='ltr'>et</span> 
     </span>
    </p>
   </div>
   <div class='ocr_carea' id='block_1_5' title="bbox 0 0 2187 4936">
    <p class='ocr_par' dir='ltr' id='par_1_5' title="bbox 0 0 2187 4936">
     <span class='ocr_line' id='line_1_33' title="bbox 0 0 2187 4936; baseline 0 0"><span class='ocrx_word' id='word_1_341' title='bbox 0 0 2187 4936; x_wconf 95' lang='lat' dir='ltr'> </span> 
     </span>
    </p>
   </div>
  </div>
 </body>
</html>
