4322 4936
470 417 534 478 224
847 406 947 462 LOCI
972 406 1002 458 E
1029 406 1155 460 LIBRO
1190 407 1449 463 VERITATUM.

555 632 594 700 [p.
610 631 679 696 osu]
709 629 862 686 Verbum
876 627 951 684 Dei.
982 621 1060 684 Duo
1083 623 1196 703 magni
1218 622 1372 704 graduati
1394 642 1498 705 nuper
1519 622 1678 686 dixerunt
1701 639 1845 702 magno

469 745 546 827 regi,
573 745 664 827 quod
690 742 816 807 licitum
847 741 910 806 fuit
939 742 978 819 ei,
1005 752 1038 806 et
1068 751 1230 819 sanctum,
1256 753 1290 807 et
1321 743 1533 819 meritorium,
1560 741 1706 808 conferre
1737 741 1823 824 epis-

468 875 634 949 copatum,
661 863 715 928 vel
741 863 963 946 quodcunque
988 862 1078 926 aliud
1109 862 1262 937 officium,
1287 863 1347 927 tali
1376 864 1445 927 viro
1473 873 1511 928 ut
1539 863 1650 946 placet
1680 861 1757 944 regi,
1788 870 1822 925 et

469 985 559 1069 quod
584 984 787 1049 meritorium
811 993 862 1048 est
887 984 1001 1047 statim
1025 983 1265 1048 confessionem
1289 981 1360 1070 (sic)
1383 984 1474 1048 illam
1497 1005 1649 1050 revocare
1671 993 1706 1048 et
1728 981 1822 1046 alteri

468 1105 538 1170 viro
560 1106 752 1180 concedere,
776 1105 878 1168 etsie
900 1104 1018 1168 variari
1044 1105 1200 1186 quociens
1222 1104 1361 1169 voluerit
1383 1127 1404 1168 a
1426 1105 1525 1188 priori
1547 1105 1768 1170 concessione.

556 1226 652 1304 Item,
678 1226 767 1289 idem
794 1226 861 1289 duo
887 1225 965 1288 mali
992 1225 1144 1288 doctores
1173 1235 1207 1288 et
1234 1226 1378 1308 perversi
1405 1226 1560 1288 dixerant
1590 1245 1713 1307 magno
1744 1222 1822 1306 regi,

468 1348 558 1430 quod
589 1346 707 1410 melius
736 1346 798 1410 fuit
825 1367 936 1410 coram
962 1346 1099 1410 domino
1130 1348 1198 1429 regi
1231 1345 1378 1411 conferre
1407 1347 1636 1430 episcopatum
1666 1345 1721 1408 uni
1751 1345 1821 1408 viro

467 1468 566 1532 valde
580 1466 725 1542 inhabili,
742 1476 779 1530 ut
794 1476 936 1530 cessaret
950 1468 1106 1549 quaedam
1121 1467 1161 1530 lis
1177 1487 1236 1550 pro
1252 1469 1398 1550 quodam
1413 1469 1576 1532 decanatu
1592 1467 1677 1530 inter
1694 1465 1821 1529 dictum

469 1587 648 1652 inhabilem
672 1595 706 1651 et
728 1587 829 1650 alium
850 1587 957 1650 virum
980 1607 1056 1650 cunr
1080 1588 1199 1651 eodem
1221 1587 1417 1669 litigantem,
1439 1608 1540 1669 quam
1563 1586 1709 1652 conferre
1735 1587 1822 1668 epis-

469 1718 626 1791 copatum
649 1707 778 1790 optimo
800 1707 870 1770 viro
894 1707 926 1770 in
948 1707 1095 1770 moribus
1118 1717 1152 1772 et
1172 1707 1206 1771 in
1226 1708 1367 1772 sciencia
1379 1729 1387 1787 ;
1410 1717 1445 1772 et
1463 1708 1511 1772 sic
1531 1716 1764 1772 consenserunt
1787 1705 1820 1768 in

468 1849 627 1912 magnum
657 1827 792 1902 malum,
817 1849 861 1890 ex
888 1848 955 1910 quo
982 1827 1077 1910 plura
1106 1828 1195 1891 mala
1224 1838 1415 1911 sequuntur,
1442 1838 1479 1892 ut
1507 1828 1729 1910 implacitacio
1759 1847 1821 1909 pro

468 1970 534 2014 uno
556 1951 719 2013 decanatu
744 1957 897 2012 cessaret.

556 2070 652 2147 Item,
678 2069 750 2152 jam
776 2068 928 2132 homines
954 2088 1021 2130 non
1045 2077 1162 2132 curant
1187 2089 1323 2152 peccare
1349 2069 1500 2151 graviter,
1527 2069 1613 2152 quia,
1636 2077 1672 2132 ut
1695 2068 1818 2142 dicunt,

466 2191 622 2256 facillime
653 2189 825 2253 habebunt
854 2189 984 2252 veniam
1017 2210 1077 2271 per
1107 2190 1354 2254 absolucionem
1383 2191 1538 2254 facillime
1573 2191 1755 2268 obtentam,
1786 2199 1819 2252 et

467 2335 527 2396 per
548 2311 774 2395 indulgendas
797 2310 934 2393 papales
956 2310 1110 2374 facillime
1133 2322 1299 2395 optentas,
1322 2322 1359 2376 ut
1382 2313 1443 2395 ipsi
1466 2314 1588 2377 dicunt.

555 2443 590 2510 [p.
611 2441 683 2510 687]
727 2439 884 2496 Venatio.
931 2432 970 2495 In
991 2433 1065 2497 loco
1085 2444 1204 2498 vocato
1228 2433 1407 2499 Bethsaida
1426 2435 1559 2516 jacebat
1582 2433 1687 2498 multa
1709 2431 1820 2496 multi-

467 2554 549 2618 tudo
573 2553 813 2635 languencium‚
838 2563 875 2618 ut
896 2563 989 2633 patet
1010 2555 1043 2616 in
1064 2554 1244 2635 evangelio,
1265 2555 1426 2636 Johannis
1442 2562 1476 2633 5⁰
1491 2562 1554 2620 ca⁰.
1575 2553 1763 2631 Bethsaida,
1784 2553 1819 2615 in

467 2675 578 2758 lingua
595 2684 707 2736 nostra
723 2675 955 2755 interpretatus
971 2676 1104 2737 ‘domus
1115 2675 1331 2753 venatorum,’
1347 2687 1383 2740 ut
1399 2677 1444 2738 ait
1462 2675 1604 2740 Sanctus
1619 2675 1817 2756 jeronimus,

467 2815 565 2877 super
581 2793 791 2857 Ezechielem
811 2793 894 2856 libro
912 2815 970 2857 suo
992 2795 1042 2860 ix⁰
1061 2796 1205 2877 capitulo
1226 2795 1291 2860 28⁰.
1330 2798 1369 2859 ln
1390 2798 1491 2860 domo
1512 2798 1599 2859 enim
1623 2805 1817 2859 venatorum

467 2917 549 2979 etin
566 2915 645 2998 ipsis
660 2914 870 2978 venatoribus
886 2924 962 2977 sunt
978 2915 1072 2996 plura
1088 2937 1177 2999 saepe
1196 2927 1334 3000 peccata
1353 2918 1570 2999 sanguinaria,
1593 2936 1637 2980 sc.
1655 2916 1817 2997 voluptas,

467 3057 534 3120 qua
556 3037 741 3100 delectatur
762 3034 904 3099 videndo
928 3036 1122 3101 effusionem
1146 3039 1313 3121 sanguinis
1336 3049 1370 3103 et
1391 3059 1526 3120 poenam
1549 3037 1700 3101 animalis
1719 3036 1817 3100 mori-

466 3158 561 3232 entis,
589 3165 622 3220 et
649 3155 754 3220 eciam
780 3157 813 3218 in
839 3155 932 3218 vanis
960 3167 994 3220 et
1020 3157 1052 3218 in
1080 3158 1231 3239 turpibus
1258 3179 1348 3241 saepe
1375 3159 1561 3222 inordinate
1590 3158 1818 3236 delectantur3

466 3288 501 3344 et
527 3278 624 3342 rebus
649 3277 717 3339 suis
743 3287 778 3340 et
806 3285 956 3358 tempore
985 3297 1075 3358 saepe
1105 3277 1295 3357 abutuntur,
1322 3278 1491 3343 inferendo
1521 3277 1607 3342 mala
1638 3289 1671 3342 et
1702 3279 1817 3342 nociva

466 3401 563 3464 rebus
584 3409 618 3462 et
641 3397 782 3480 pasturis
804 3395 953 3459 aliorum.

552 3519 726 3602 Quantum
746 3537 882 3599 possum
904 3517 939 3580 in
959 3537 1034 3582 mea
1056 3518 1199 3582 recolere
1221 3521 1379 3584 memoria
1400 3540 1578 3601 nunquam,
1602 3538 1645 3582 sc.
1663 3519 1695 3581 in
1715 3518 1815 3599 scrip-

465 3651 541 3706 tura
561 3660 663 3718 sacra,
685 3648 875 3703 venatorem
899 3638 932 3700 in
947 3638 1070 3702 bonam
1095 3649 1223 3722 partem
1246 3640 1321 3723 legi.
