4378 4936
730 397 827 452 LOCI
855 399 884 451 E
913 398 1037 452 LIBRO
1073 394 1329 451 VERITATUM.
1649 395 1710 463 125

360 608 439 673 teris
461 613 623 675 concessis
649 613 943 696 indulgenciamm,
967 612 1029 676 fuit
1056 611 1213 694 magister
1240 611 1355 673 Petrus
1379 609 1421 672 de
1444 607 1571 684 Monte,
1592 605 1713 669 artium

361 730 518 812 magister
547 741 581 796 et
608 733 719 815 legum
750 736 875 810 doctor,
903 734 1064 816 superbus
1094 732 1307 823 Lumbardus
1336 729 1443 807 valde,
1469 729 1525 811 qui
1556 727 1713 790 recedens

361 850 404 914 ab
430 849 556 934 Anglia
585 873 661 917 cum
690 854 918 919 innumerabili
948 855 1114 930 thesauro,
1144 853 1283 918 collecto
1314 873 1374 935 pro
1403 850 1520 914 litteris
1550 850 1713 913 concessis

361 971 643 1055 indulgenciamm
666 975 843 1058 papalium,
861 975 984 1059 juravit
1005 996 1065 1058 per
1085 995 1202 1057 corpus
1224 974 1293 1052 Xti,
1310 973 1343 1036 in
1363 972 1542 1055 praesencia
1561 969 1712 1053 Magistri

361 1091 527 1156 Vincentii
554 1093 717 1171 Clement,
738 1097 884 1161 doctoris
906 1096 1091 1178 theologiae,
1112 1096 1219 1177 ‘quod
1243 1115 1330 1177 papa
1353 1093 1521 1176 Eugenius
1544 1112 1713 1174 nunquam

361 1210 498 1277 haberet
526 1214 598 1278 illas
627 1217 782 1298 pecunias
813 1217 975 1292 collectas,
1007 1217 1068 1280 nisi
1098 1237 1186 1300 papa
1215 1217 1305 1298 prius
1336 1216 1482 1279 mitteret
1512 1213 1573 1277 sibi
1606 1204 1713 1275 bulla's

363 1337 470 1416 ipsum
490 1334 622 1399 Petrum
647 1336 716 1402 fore
738 1339 1022 1422 archiepiscopum
1045 1333 1356 1412 Mediolanensem3’
1383 1346 1417 1400 et
1438 1337 1518 1399 istas
1541 1334 1713 1417 indulgen-

363 1456 430 1518 cias
453 1457 614 1521 concessit
638 1459 807 1542 Eugenius
832 1461 987 1524 dantibus
1014 1468 1138 1523 certam
1164 1459 1354 1540 porcionem
1380 1457 1543 1520 bonorum
1568 1477 1714 1533 suorum,

364 1585 398 1639 et
422 1597 522 1641 causa
546 1580 671 1643 motiva
694 1582 912 1646 concessionis
936 1601 1032 1664 papae
1058 1579 1119 1644 suit
1144 1599 1205 1661 pro
1227 1579 1382 1660 expensis
1403 1599 1509 1661 papa,
1532 1600 1614 1661 quas
1636 1579 1715 1642 lecit

364 1697 449 1760 circa
476 1696 608 1762 Graecos
636 1700 745 1764 unitos
775 1701 851 1765 fidei
881 1701 1051 1766 catholicae
1081 1710 1114 1764 et
1145 1700 1307 1763 Romanae
1338 1699 1484 1764 ecclesiae
1515 1699 1547 1761 in
1577 1698 1714 1762 concilio

365 1817 394 1879 F
395 1819 571 1894 errariensi‚
592 1819 751 1884 translato
772 1822 814 1885 de
835 1823 957 1887 Basilia
977 1823 1020 1887 ad
1040 1822 1243 1900 Ferrariam3
1268 1831 1301 1885 et
1321 1831 1394 1886 tum
1415 1821 1448 1884 in
1468 1820 1594 1904 Anglia
1613 1821 1714 1903 aliqui

366 1937 522 2001 emebant
551 1939 662 2004 literas
692 1941 972 2024 indulgenciarum
1004 1954 1038 2008 et
1067 1945 1242 2026 potestatis
1277 1941 1469 2006 absolvendi
1500 1942 1532 2004 in
1562 1941 1716 2004 omnibus

366 2059 496 2123 casibus
521 2079 580 2142 pro
607 2061 736 2125 duobus
758 2063 910 2139 denariis,
935 2074 969 2128 et
1001 2063 1102 2147 aliqui
1133 2085 1191 2147 pro
1218 2064 1332 2128 oblatu
1363 2063 1535 2140 cerevisiae,
1558 2072 1591 2126 et
1613 2061 1715 2142 aliqui

366 2199 425 2260 pro
452 2188 529 2242 actu
553 2179 656 2245 fetido
678 2185 813 2265 peccati,
835 2194 868 2249 et
890 2185 991 2268 aliqui
1013 2185 1199 2250 habuerunt
1222 2183 1370 2249 calathos
1392 2183 1507 2266 plenos
1531 2184 1573 2247 de
1599 2182 1716 2246 litteris

366 2299 649 2382 indulgenciamm
673 2305 716 2368 ad
739 2305 950 2369 vendendum
973 2327 1029 2369 eas
1050 2326 1109 2388 per
1131 2307 1272 2388 patriam
1294 2304 1366 2369 illas
1388 2325 1498 2368 emere
1519 2303 1715 2379 volentibus,

367 2432 401 2485 et
424 2423 557 2486 nomina
580 2445 693 2488 eorum
711 2437 788 2508 post
811 2428 1016 2510 empcionem
1036 2428 1165 2491 inscribi
1185 2427 1331 2490 fecerunt
1354 2427 1387 2489 in
1405 2425 1521 2490 litteris
1544 2425 1715 2499 concessis,

367 2556 401 2610 et
419 2543 519 2627 aliqui
541 2544 706 2626 dixerunt,
721 2546 815 2628 ‘Jam
831 2548 941 2611 Roma
961 2549 1050 2612 venit
1067 2547 1110 2610 ad
1130 2547 1275 2611 hostium
1297 2541 1466 2620 nostrum,’
1486 2553 1519 2608 et
1541 2566 1605 2608 non
1625 2566 1717 2610 cura·

367 2668 449 2731 bant
481 2667 582 2749 aliqui
621 2668 709 2732 mala
746 2669 860 2746 lacere,
891 2679 1045 2752 putantes
1080 2689 1116 2732 se
1152 2667 1306 2732 facillime
1342 2668 1472 2731 veniam
1503 2677 1536 2730 et
1573 2669 1716 2750 graciam

368 2791 523 2872 consequi
554 2811 613 2873 per
642 2791 887 2854 concessionem
917 2811 1035 2873 papae3
1067 2801 1100 2854 et
1130 2811 1189 2853 rex
1220 2789 1409 2872 Aragoniae,
1439 2789 1608 2868 Allonsus‚
1639 2799 1718 2853 tunc

369 2914 455 2976 dixit
480 2934 575 2996 papae
600 2913 773 2995 Eugenio:
805 2911 973 2974 ‘Ecclesia
997 2912 1149 2975 Romana
1172 2912 1242 2993 jam
1274 2923 1324 2977 est
1349 2933 1424 2976 vere
1452 2913 1617 2984 meretrix,
1641 2913 1718 2993 quia

370 3037 508 3118 exponit
531 3057 567 3098 se
590 3035 772 3114 cuicunque
799 3034 924 3114 petenti
948 3053 1007 3114 pro
1034 3031 1199 3115 pecuniis.’

457 3165 491 3232 [p.
507 3164 575 3228 mo]
598 3154 723 3217 Audivi
748 3173 858 3234 nuper,
875 3174 962 3216 anno
982 3155 1041 3218 Xti
1060 3164 1167 3240 14530,
1184 3158 1273 3239 quod
1298 3177 1382 3219 unus
1405 3156 1600 3238 praedicator
1616 3154 1718 3228 verbi,

371 3279 508 3360 cupidus
538 3276 694 3359 pecuniae,
717 3275 804 3339 dixit
835 3276 866 3337 in
890 3296 1039 3340 sermone
1061 3277 1213 3360 puplico:
1244 3277 1384 3342 ‘Sciatis
1414 3298 1529 3341 omnes
1555 3275 1607 3340 hic
1635 3296 1719 3358 prae·
1800 3279 1801 3282 ’

371 3408 488 3475 sentes,
519 3398 608 3480 quod
638 3399 665 3461 si
695 3397 814 3480 aliquis
843 3408 987 3462 vestrum
1017 3400 1074 3462 det
1104 3399 1203 3462 michi
1233 3400 1286 3463 vel
1315 3399 1411 3462 alicui
1442 3401 1484 3462 de
1514 3400 1615 3462 domo
1645 3419 1720 3461 mea

372 3541 472 3584 unum
503 3520 683 3598 denarium,
711 3519 838 3584 solutus
869 3530 919 3584 est
949 3520 992 3584 ab
1022 3520 1111 3583 omni
1142 3519 1342 3602 poenitencia
1377 3519 1522 3601 injuncta
1553 3523 1582 3583 ei
1613 3541 1633 3583 a
1660 3541 1720 3583 suo

371 3651 484 3706 curato
506 3641 558 3704 vel
586 3642 629 3705 ab
655 3641 721 3704 alio
747 3638 953 3718 sacerdote;’
984 3651 1018 3705 et
1040 3661 1151 3704 revera
1178 3639 1386 3722 indulgencia
1414 3660 1569 3704 concessa
1591 3661 1612 3704 a
1634 3661 1721 3723 papa

372 3785 438 3826 non
464 3763 561 3826 solvit
591 3763 759 3827 hominem
786 3763 828 3827 ab
855 3763 1009 3846 operibus
1035 3761 1153 3826 debitis
1173 3760 1315 3842 justiciae
1341 3761 1399 3824 sed
1428 3763 1541 3843 pocius
1567 3782 1588 3824 a
1613 3763 1721 3844 poenis

372 3885 534 3967 impositis
556 3905 577 3947 a
599 3905 733 3964 canone,
748 3885 768 3947 i.
780 3905 808 3948 e.
824 3906 844 3947 a
867 3885 941 3966 lege
963 3883 1132 3958 canonica,
1147 3892 1181 3946 et
1201 3903 1221 3945 a
1243 3882 1444 3965 poenitencia
1465 3882 1637 3946 arbitraria
1659 3882 1720 3944 im·

371 4007 480 4088 posita
503 4004 674 4069 confitenti
696 4024 716 4069 a
739 4005 921 4069 sacerdote.

468 4133 528 4198 [ru]
587 4125 690 4188 Anno
721 4125 780 4188 Xti
816 4138 906 4207 1445,
936 4143 1099 4188 concessae
1135 4123 1350 4206 indulgenciae
1383 4145 1402 4187 a
1435 4122 1526 4204 Papa
1560 4121 1721 4186 Nicholao

374 4247 489 4328 quinto
516 4247 592 4310 anni
613 4246 726 4328 jubilei
750 4246 901 4310 omnibus
926 4245 1073 4309 contritis
1096 4254 1129 4308 et
1155 4243 1311 4308 confessis
1336 4245 1391 4324 qui
1419 4252 1569 4324 quartam
1594 4249 1721 4326 partem
