4338 4936
479 362 522 430 52
855 360 954 417 LOCI
979 363 1009 417 E
1038 363 1162 420 LIBRO
1197 365 1457 423 VERITATUM.

481 575 643 658 episcopis
674 576 707 639 in
737 575 834 640 curiis
864 598 989 655 eorum,
1020 589 1054 644 et
1084 581 1118 643 in
1150 583 1247 646 curiis
1279 585 1488 647 dominorum
1520 603 1577 646 seu
1609 592 1834 666 patronorum,

481 697 567 761 sicut
595 695 769 778 episcopus
800 699 978 762 modernus
1008 699 1227 764 Eboracensis
1256 701 1444 765 Willelmus
1475 701 1574 777 Ruth,
1605 701 1662 783 qui
1695 720 1755 765 nec
1785 709 1836 764 est

481 817 589 880 bonus
613 816 859 899 grammaticus,
882 838 943 882 nec
969 819 1173 899 scientificus,
1197 841 1257 886 nec
1283 823 1448 886 virtuosus
1475 829 1654 904 reputatus,
1680 841 1740 886 nec
1762 841 1836 902 gra·

482 940 611 1016 duatus,
633 938 692 1001 sed
715 937 831 1020 legista
850 937 932 1020 juris
955 941 1055 1022 regni,
1078 943 1134 1023 qui
1157 942 1283 1006 confert
1305 943 1465 1008 beneficia
1487 953 1520 1007 et
1543 942 1738 1026 praebendas
1761 963 1836 1025 pes-

482 1060 566 1123 sime
592 1059 701 1142 pueris
727 1068 761 1122 et
784 1059 970 1141 juvenibus,
998 1062 1054 1143 qui
1081 1083 1146 1126 non
1174 1063 1237 1128 suit
1263 1064 1388 1128 electus
1415 1066 1449 1128 in
1477 1063 1668 1148 episcopum
1695 1063 1836 1127 Eboraci

483 1201 543 1264 per
558 1180 740 1263 capitulum
756 1180 901 1244 ecclesiae
917 1181 1116 1247 cathedralis
1132 1185 1359 1262 Eboracensis,
1372 1186 1431 1250 sed
1446 1185 1582 1250 licencia
1598 1187 1683 1267 regis
1700 1185 1837 1248 Henrici

484 1301 582 1368 Sexti
614 1303 737 1384 recepit
766 1303 985 1384 provisionem
1017 1305 1170 1369 Nicholai
1197 1307 1316 1388 quinti.
1364 1307 1456 1389 Papa
1485 1307 1574 1370 enim
1601 1306 1773 1370 Romanus
1803 1305 1836 1366 in

482 1425 601 1488 diebus
620 1425 693 1488 istis
713 1433 821 1488 cassat
839 1445 955 1489 omnes
974 1425 1155 1491 elecciones
1170 1427 1370 1510 dignitatum
1387 1425 1589 1510 eligibilium,
1606 1436 1639 1490 et
1658 1426 1731 1490 illas
1753 1426 1837 1490 elec·

484 1539 594 1610 ciones
624 1556 768 1610 reservat
797 1547 859 1610 sibi
893 1547 963 1628 ipsi,
995 1556 1028 1611 et
1063 1549 1130 1611 suis
1164 1549 1394 1627 cardinalibus,
1424 1559 1459 1614 et
1492 1569 1585 1612 suam
1615 1549 1836 1631 provisionem

482 1677 580 1733 vocat
603 1667 800 1732 eleccionem
827 1689 940 1745 suam;
971 1669 1018 1733 sic
1042 1669 1131 1750 quod
1156 1669 1220 1734 tria
1243 1669 1307 1734 ista
1332 1670 1457 1734 iaciunt
1478 1670 1647 1734 hominem
1667 1668 1738 1751 jam
1764 1689 1837 1732 esse

484 1790 674 1872 episcopum
696 1790 729 1851 in
754 1789 1076 1872 Anglia—voluntas
1099 1791 1185 1873 regis
1206 1789 1350 1873 Angliae,
1371 1791 1525 1856 voluntas
1547 1811 1643 1874 papae
1666 1790 1719 1854 vel
1739 1790 1837 1853 curiae

451 1993 456 2004 ⁸
485 1910 657 1988 Romanae,
674 1919 707 1974 et
727 1910 875 1992 pecuniae
898 1911 931 1972 in
952 1910 1185 1975 habundancia
1206 1912 1323 1976 solutae
1339 1915 1436 1977 curiae
1459 1913 1631 1991 Romanae,
1647 1932 1695 1976 sc.
1708 1911 1838 1975 diversa

483 2029 575 2094 milia
603 2030 760 2094 librarum
789 2029 988 2112 Anglicanae
1018 2041 1160 2095 monetae
1190 2032 1307 2096 solutae
1337 2033 1390 2098 hic
1421 2035 1454 2097 in
1480 2033 1606 2116 Anglia
1636 2031 1835 2096 Lumbardis

482 2173 543 2235 pro
571 2153 711 2227 cambio,
739 2152 829 2234 quod
856 2154 1059 2234 depauperat
1086 2173 1233 2236 regnum.
1279 2155 1318 2218 In
1345 2155 1483 2220 concilio
1509 2154 1655 2238 generali
1682 2154 1783 2228 Deus,
1809 2152 1836 2214 si
1865 2173 1868 2178 ’

483 2273 545 2337 sibi
565 2273 704 2355 placeat,
720 2271 779 2336 det
799 2273 991 2346 remedium,
1006 2273 1059 2337 vel
1079 2293 1139 2356 per
1158 2274 1421 2356 appellacionem
1443 2276 1527 2357 regis
1549 2283 1583 2338 et
1601 2274 1691 2356 regni
1708 2293 1729 2336 a
1749 2292 1838 2355 papa

483 2394 526 2457 ad
557 2393 732 2458 concilium
761 2392 923 2477 generale.
978 2392 1163 2458 Concilium
1194 2396 1282 2459 enim
1313 2396 1501 2474 Basiliense,
1528 2395 1617 2478 quod
1644 2395 1706 2458 fuit
1731 2403 1837 2458 trans-

484 2514 589 2578 latum
622 2505 789 2590 Ferraria,
821 2525 856 2579 et
891 2524 1009 2596 postea
1041 2514 1085 2578 ad
1119 2513 1147 2576 F
1149 2515 1338 2592 lorenciam‚
1368 2519 1484 2580 statuit
1520 2525 1555 2580 et
1588 2513 1752 2578 ordinavit
1787 2534 1837 2577 re·

486 2635 632 2698 medium
660 2643 776 2698 contra
802 2634 866 2699 ista
895 2645 1028 2712 annata,
1050 2655 1126 2716 quae
1156 2635 1292 2717 Anglici
1317 2645 1437 2700 vocant
1464 2636 1588 2717 primos
1613 2633 1738 2698 fructus
1768 2634 1837 2716 epi-

483 2764 689 2838 scopatuum,
712 2755 771 2818 sed
800 2755 881 2819 illud
911 2755 1093 2819 remedium
1120 2775 1186 2818 non
1215 2757 1358 2820 vidimus
1389 2765 1607 2832 exsecutum3
1637 2775 1680 2818 an
1708 2755 1752 2817 sit
1777 2774 1837 2817 ex-

485 2881 634 2940 secutum
655 2865 689 2938 in
710 2875 849 2939 Francia
869 2876 990 2940 nescio,
1036 2875 1085 2940 ‘O
1104 2875 1204 2954 Deus,
1224 2876 1350 2962 respice
1369 2877 1412 2940 de
1432 2875 1518 2939 coelo
1537 2884 1571 2938 et
1590 2875 1666 2938 vide
1687 2883 1721 2938 et
1739 2875 1838 2938 visita

484 2997 615 3059 vineam
641 2995 787 3060 ecclesiae
813 2996 897 3074 tuae,'
921 2996 988 3061 Ps0.
1010 3003 1086 3079 79⁰3
1117 2996 1292 3078 singularis
1316 2996 1402 3059 serus
1425 2995 1622 3060 insaciabilis
1647 2995 1837 3077 cupiditatis

484 3117 644 3199 depastus
670 3125 721 3180 est
747 3137 831 3192 eam,
858 3125 893 3181 et
917 3117 1060 3181 vastavit
1086 3136 1170 3192 eam,
1198 3137 1219 3180 a
1245 3116 1393 3198 pluribus
1419 3115 1514 3180 bonis
1540 3125 1574 3180 et
1599 3114 1776 3178 virtutibus
1802 3124 1836 3181 et

484 3237 581 3302 donis
603 3238 678 3316 tuis,
701 3237 864 3301 Domine!

571 3366 609 3434 [p.
624 3365 696 3436 439]
741 3359 829 3422 Novi
856 3359 944 3421 enim
967 3359 1121 3422 doctores
1147 3358 1180 3420 in
1203 3355 1371 3440 theologia
1394 3357 1450 3438 qui
1472 3355 1603 3420 fuerunt
1629 3357 1748 3419 maturi
1776 3355 1836 3418 viri

484 3479 518 3541 in
540 3487 641 3543 aetate
670 3487 703 3542 et
730 3467 915 3542 cancellarii
939 3477 1093 3553 oxonia,
1117 3479 1152 3542 ¹et
1178 3497 1348 3560 nunquam
1375 3477 1408 3540 in
1433 3476 1503 3540 vita
1529 3495 1642 3539 eorum
1666 3496 1727 3540 nec
1750 3476 1836 3557 epis·

482 3609 639 3682 copatum
663 3618 724 3662 nec
750 3598 963 3681 praebendam
989 3599 1188 3676 obtulerunt,
1215 3607 1357 3679 excepto
1381 3617 1448 3660 uno
1474 3597 1637 3678 episcopo,
1661 3595 1718 3678 qui
1742 3595 1836 3660 dedit

483 3719 539 3782 uni
569 3739 682 3783 eorum
712 3719 926 3801 praebendam
958 3730 1034 3783 octo
1059 3738 1250 3783 marcarum.
1305 3717 1392 3780 Item
1419 3717 1494 3780 novi
1519 3715 1609 3797 quod
1638 3724 1717 3778 tunc
1742 3715 1835 3797 pueri

482 3839 614 3904 suerunt
633 3840 744 3922 magni
760 3838 980 3903 archidiaconi
999 3851 1033 3904 et
1051 3839 1155 3904 eciam
1170 3838 1313 3922 promoti
1331 3837 1376 3901 ad
1395 3857 1533 3920 magnas
1548 3836 1764 3919 praebendas3
1787 3835 1835 3899 ita

481 3947 572 4042 quod
600 3961 674 4024 novi
698 3961 788 4043 quod
812 3980 896 4024 unus
919 3981 1000 4043 puer
1026 3969 1060 4025 et
1082 3960 1202 4024 stultus
1224 3959 1341 4024 habuit
1363 3958 1666 4023 archidiaconatum
1689 3955 1836 4020 Oxoniae

481 4089 515 4144 et
537 4081 585 4144 xii
608 4081 804 4163 praebendas
825 4082 929 4146 eciam
953 4101 1028 4146 cum
1050 4081 1124 4145 boc.
1172 4081 1269 4144 Heu!
1297 4079 1381 4144 heu!
1412 4078 1495 4143 heu!
1529 4077 1675 4142 Domine
1698 4075 1810 4140 Deusl

566 4210 603 4277 [p.
626 4209 697 4278 4⁶5·l
741 4208 924 4278 Exposioio
946 4209 1130 4280 scripturas
1153 4209 1274 4266 floorae.
1324 4202 1416 4265 Nota
1437 4199 1509 4263 haec
1535 4218 1595 4281 pro
1618 4195 1828 4262 revelacioni·
