<?xml version="1.0" encoding="UTF-8"?>
<!DOCTYPE html PUBLIC "-//W3C//DTD XHTML 1.0 Transitional//EN"
    "http://www.w3.org/TR/xhtml1/DTD/xhtml1-transitional.dtd">
<html xmlns="http://www.w3.org/1999/xhtml" xml:lang="en" lang="en">
 <head>
  <title>
</title>
<meta http-equiv="Content-Type" content="text/html;charset=utf-8" />
  <meta name='ocr-system' content='tesseract 3.04.00' />
  <meta name='ocr-capabilities' content='ocr_page ocr_carea ocr_par ocr_line ocrx_word'/>
</head>
<body>
  <div class='ocr_page' id='page_1' title='image "./locielibroverit01gascgoog_0160.png"; bbox 0 0 4338 4936; ppageno 0'>
   <div class='ocr_carea' id='block_1_1' title="bbox 713 381 1686 452">
    <p class='ocr_par' dir='ltr' id='par_1_1' title="bbox 713 381 1686 452">
     <span class='ocr_line' id='line_1_1' title="bbox 713 381 1686 452; baseline 0.002 -16"><span class='ocrx_word' id='word_1_1' title='bbox 713 383 811 438; x_wconf 84' lang='lat' dir='ltr'><em>LOCI</em></span> <span class='ocrx_word' id='word_1_2' title='bbox 837 383 867 436; x_wconf 84' lang='lat' dir='ltr'><em>E</em></span> <span class='ocrx_word' id='word_1_3' title='bbox 895 382 1019 436; x_wconf 89' lang='lat' dir='ltr'><em>LIBRO</em></span> <span class='ocrx_word' id='word_1_4' title='bbox 1054 381 1312 438; x_wconf 86' lang='lat' dir='ltr'><em>VERITATUM.</em></span> <span class='ocrx_word' id='word_1_5' title='bbox 1646 385 1686 452; x_wconf 88' lang='lat'>57</span> 
     </span>
    </p>
   </div>
   <div class='ocr_carea' id='block_1_2' title="bbox 335 589 1690 2498">
    <p class='ocr_par' dir='ltr' id='par_1_2' title="bbox 335 589 1690 2498">
     <span class='ocr_line' id='line_1_2' title="bbox 335 589 1687 680; baseline 0 -24"><span class='ocrx_word' id='word_1_6' title='bbox 335 589 504 673; x_wconf 78' lang='lat' dir='ltr'>jeremias,</span> <span class='ocrx_word' id='word_1_7' title='bbox 519 599 592 678; x_wconf 91' lang='lat' dir='ltr'>‘qui</span> <span class='ocrx_word' id='word_1_8' title='bbox 610 596 687 661; x_wconf 84' lang='lat' dir='ltr'>iacit</span> <span class='ocrx_word' id='word_1_9' title='bbox 704 618 805 680; x_wconf 90' lang='lat' dir='ltr'>opera</span> <span class='ocrx_word' id='word_1_10' title='bbox 818 597 882 661; x_wconf 90' lang='lat' dir='ltr'>Dei</span> <span class='ocrx_word' id='word_1_11' title='bbox 898 597 1119 680; x_wconf 85' lang='lat' dir='ltr'>negligenter,&#39;</span> <span class='ocrx_word' id='word_1_12' title='bbox 1136 599 1155 660; x_wconf 94' lang='lat' dir='ltr'>i.</span> <span class='ocrx_word' id='word_1_13' title='bbox 1168 619 1196 662; x_wconf 89' lang='lat' dir='ltr'>e.</span> <span class='ocrx_word' id='word_1_14' title='bbox 1212 619 1279 661; x_wconf 93' lang='lat' dir='ltr'>non</span> <span class='ocrx_word' id='word_1_15' title='bbox 1294 619 1334 661; x_wconf 89' lang='lat' dir='ltr'>eo</span> <span class='ocrx_word' id='word_1_16' title='bbox 1352 598 1451 662; x_wconf 92' lang='lat' dir='ltr'>modo</span> <span class='ocrx_word' id='word_1_17' title='bbox 1463 616 1530 678; x_wconf 90' lang='lat' dir='ltr'>quo</span> <span class='ocrx_word' id='word_1_18' title='bbox 1545 594 1687 670; x_wconf 65' lang='lat' dir='ltr'>laceretr</span> 
     </span>
     <span class='ocr_line' id='line_1_3' title="bbox 337 713 1688 802; baseline 0.001 -26"><span class='ocrx_word' id='word_1_19' title='bbox 337 713 530 780; x_wconf 90' lang='lat' dir='ltr'>maledictus</span> <span class='ocrx_word' id='word_1_20' title='bbox 553 727 602 781; x_wconf 89' lang='lat' dir='ltr'>est</span> <span class='ocrx_word' id='word_1_21' title='bbox 626 739 704 800; x_wconf 87' lang='lat' dir='ltr'>ergo</span> <span class='ocrx_word' id='word_1_22' title='bbox 729 720 784 801; x_wconf 91' lang='lat' dir='ltr'>qui</span> <span class='ocrx_word' id='word_1_23' title='bbox 808 740 868 800; x_wconf 91' lang='lat' dir='ltr'>per</span> <span class='ocrx_word' id='word_1_24' title='bbox 889 721 1136 801; x_wconf 89' lang='lat' dir='ltr'>promocionem</span> <span class='ocrx_word' id='word_1_25' title='bbox 1159 741 1253 783; x_wconf 88' lang='lat' dir='ltr'>suam</span> <span class='ocrx_word' id='word_1_26' title='bbox 1273 719 1326 784; x_wconf 90' lang='lat' dir='ltr'>vel</span> <span class='ocrx_word' id='word_1_27' title='bbox 1346 717 1614 802; x_wconf 88' lang='lat' dir='ltr'>procuracionem</span> <span class='ocrx_word' id='word_1_28' title='bbox 1637 724 1688 778; x_wconf 90' lang='lat' dir='ltr'>est</span> 
     </span>
     <span class='ocr_line' id='line_1_4' title="bbox 336 836 1688 922; baseline 0.001 -24"><span class='ocrx_word' id='word_1_29' title='bbox 336 853 435 898; x_wconf 88' lang='lat' dir='ltr'>causa</span> <span class='ocrx_word' id='word_1_30' title='bbox 452 857 554 920; x_wconf 89' lang='lat' dir='ltr'>quare</span> <span class='ocrx_word' id='word_1_31' title='bbox 577 859 676 922; x_wconf 87' lang='lat' dir='ltr'>opera</span> <span class='ocrx_word' id='word_1_32' title='bbox 700 839 764 902; x_wconf 93' lang='lat' dir='ltr'>Dei</span> <span class='ocrx_word' id='word_1_33' title='bbox 787 838 896 904; x_wconf 85' lang='lat' dir='ltr'>fienda</span> <span class='ocrx_word' id='word_1_34' title='bbox 919 841 952 903; x_wconf 89' lang='lat' dir='ltr'>in</span> <span class='ocrx_word' id='word_1_35' title='bbox 973 840 1080 904; x_wconf 91' lang='lat' dir='ltr'>salute</span> <span class='ocrx_word' id='word_1_36' title='bbox 1100 842 1284 904; x_wconf 89' lang='lat' dir='ltr'>animarum</span> <span class='ocrx_word' id='word_1_37' title='bbox 1305 839 1516 922; x_wconf 82' lang='lat' dir='ltr'>negliguntur</span> <span class='ocrx_word' id='word_1_38' title='bbox 1536 846 1569 901; x_wconf 91' lang='lat' dir='ltr'>et</span> <span class='ocrx_word' id='word_1_39' title='bbox 1590 836 1688 899; x_wconf 88' lang='lat' dir='ltr'>omit·</span> 
     </span>
     <span class='ocr_line' id='line_1_5' title="bbox 336 958 1689 1043; baseline 0 -25"><span class='ocrx_word' id='word_1_40' title='bbox 336 964 451 1020; x_wconf 91' lang='lat' dir='ltr'>tuntur</span> <span class='ocrx_word' id='word_1_41' title='bbox 477 959 509 1020; x_wconf 91' lang='lat' dir='ltr'>in</span> <span class='ocrx_word' id='word_1_42' title='bbox 538 959 626 1023; x_wconf 89' lang='lat' dir='ltr'>malo</span> <span class='ocrx_word' id='word_1_43' title='bbox 656 969 782 1024; x_wconf 89' lang='lat' dir='ltr'>rectore</span> <span class='ocrx_word' id='word_1_44' title='bbox 811 981 868 1024; x_wconf 90' lang='lat' dir='ltr'>seu</span> <span class='ocrx_word' id='word_1_45' title='bbox 900 958 1107 1042; x_wconf 64' lang='lat' dir='ltr'>praesidente,</span> <span class='ocrx_word' id='word_1_46' title='bbox 1133 962 1211 1043; x_wconf 91' lang='lat' dir='ltr'>quia</span> <span class='ocrx_word' id='word_1_47' title='bbox 1242 981 1342 1025; x_wconf 90' lang='lat' dir='ltr'>causa</span> <span class='ocrx_word' id='word_1_48' title='bbox 1371 980 1478 1024; x_wconf 88' lang='lat' dir='ltr'>causae</span> <span class='ocrx_word' id='word_1_49' title='bbox 1509 966 1559 1022; x_wconf 91' lang='lat' dir='ltr'>est</span> <span class='ocrx_word' id='word_1_50' title='bbox 1589 975 1689 1021; x_wconf 89' lang='lat' dir='ltr'>causa</span> 
     </span>
     <span class='ocr_line' id='line_1_6' title="bbox 336 1077 1687 1163; baseline -0.001 -24"><span class='ocrx_word' id='word_1_51' title='bbox 336 1079 470 1153; x_wconf 88' lang='lat' dir='ltr'>causati,</span> <span class='ocrx_word' id='word_1_52' title='bbox 491 1089 526 1143; x_wconf 94' lang='lat' dir='ltr'>et</span> <span class='ocrx_word' id='word_1_53' title='bbox 548 1080 575 1143; x_wconf 92' lang='lat' dir='ltr'>si</span> <span class='ocrx_word' id='word_1_54' title='bbox 598 1082 668 1162; x_wconf 91' lang='lat' dir='ltr'>ipse</span> <span class='ocrx_word' id='word_1_55' title='bbox 698 1102 782 1163; x_wconf 91' lang='lat' dir='ltr'>opus</span> <span class='ocrx_word' id='word_1_56' title='bbox 805 1080 956 1145; x_wconf 89' lang='lat' dir='ltr'>debiturn</span> <span class='ocrx_word' id='word_1_57' title='bbox 981 1081 1120 1158; x_wconf 81' lang='lat' dir='ltr'>fecisset,</span> <span class='ocrx_word' id='word_1_58' title='bbox 1143 1083 1176 1145; x_wconf 91' lang='lat' dir='ltr'>in</span> <span class='ocrx_word' id='word_1_59' title='bbox 1203 1081 1382 1146; x_wconf 89' lang='lat' dir='ltr'>collacione</span> <span class='ocrx_word' id='word_1_60' title='bbox 1408 1079 1504 1144; x_wconf 89' lang='lat' dir='ltr'>officii</span> <span class='ocrx_word' id='word_1_61' title='bbox 1531 1077 1687 1150; x_wconf 72' lang='lat' dir='ltr'>ecclesiae,</span> 
     </span>
     <span class='ocr_line' id='line_1_7' title="bbox 336 1196 1689 1282; baseline -0.001 -23"><span class='ocrx_word' id='word_1_62' title='bbox 336 1197 380 1260; x_wconf 92' lang='lat' dir='ltr'>ibi</span> <span class='ocrx_word' id='word_1_63' title='bbox 404 1198 519 1264; x_wconf 86' lang='lat' dir='ltr'>luisset</span> <span class='ocrx_word' id='word_1_64' title='bbox 540 1201 571 1264; x_wconf 94' lang='lat' dir='ltr'>in</span> <span class='ocrx_word' id='word_1_65' title='bbox 594 1202 682 1266; x_wconf 91' lang='lat' dir='ltr'>bono</span> <span class='ocrx_word' id='word_1_66' title='bbox 697 1213 811 1266; x_wconf 91' lang='lat' dir='ltr'>curato</span> <span class='ocrx_word' id='word_1_67' title='bbox 836 1201 895 1266; x_wconf 89' lang='lat' dir='ltr'>lux</span> <span class='ocrx_word' id='word_1_68' title='bbox 920 1203 1078 1281; x_wconf 86' lang='lat' dir='ltr'>scienciae,</span> <span class='ocrx_word' id='word_1_69' title='bbox 1098 1205 1186 1278; x_wconf 85' lang='lat' dir='ltr'>vitae,</span> <span class='ocrx_word' id='word_1_70' title='bbox 1211 1213 1243 1267; x_wconf 90' lang='lat' dir='ltr'>et</span> <span class='ocrx_word' id='word_1_71' title='bbox 1267 1203 1435 1281; x_wconf 69' lang='lat' dir='ltr'>doctrinae,</span> <span class='ocrx_word' id='word_1_72' title='bbox 1451 1209 1485 1264; x_wconf 91' lang='lat' dir='ltr'>et</span> <span class='ocrx_word' id='word_1_73' title='bbox 1507 1199 1600 1282; x_wconf 90' lang='lat' dir='ltr'>plura</span> <span class='ocrx_word' id='word_1_74' title='bbox 1623 1196 1689 1261; x_wconf 88' lang='lat' dir='ltr'>alia</span> 
     </span>
     <span class='ocr_line' id='line_1_8' title="bbox 336 1318 1689 1406; baseline -0.001 -25"><span class='ocrx_word' id='word_1_75' title='bbox 336 1319 432 1398; x_wconf 88' lang='lat' dir='ltr'>bona,</span> <span class='ocrx_word' id='word_1_76' title='bbox 448 1343 523 1404; x_wconf 68' lang='lat' dir='ltr'>quas</span> <span class='ocrx_word' id='word_1_77' title='bbox 542 1322 613 1404; x_wconf 85' lang='lat' dir='ltr'>jam</span> <span class='ocrx_word' id='word_1_78' title='bbox 636 1345 702 1388; x_wconf 91' lang='lat' dir='ltr'>non</span> <span class='ocrx_word' id='word_1_79' title='bbox 726 1334 810 1402; x_wconf 91' lang='lat' dir='ltr'>sunt,</span> <span class='ocrx_word' id='word_1_80' title='bbox 826 1345 941 1406; x_wconf 89' lang='lat' dir='ltr'>ymmo</span> <span class='ocrx_word' id='word_1_81' title='bbox 963 1325 1125 1388; x_wconf 88' lang='lat' dir='ltr'>contraria</span> <span class='ocrx_word' id='word_1_82' title='bbox 1148 1324 1181 1386; x_wconf 94' lang='lat' dir='ltr'>in</span> <span class='ocrx_word' id='word_1_83' title='bbox 1204 1343 1281 1388; x_wconf 90' lang='lat' dir='ltr'>cura</span> <span class='ocrx_word' id='word_1_84' title='bbox 1303 1323 1460 1401; x_wconf 88' lang='lat' dir='ltr'>ecclesiae,</span> <span class='ocrx_word' id='word_1_85' title='bbox 1476 1341 1533 1385; x_wconf 88' lang='lat' dir='ltr'>seu</span> <span class='ocrx_word' id='word_1_86' title='bbox 1557 1318 1689 1395; x_wconf 89' lang='lat' dir='ltr'>diocesi,</span> 
     </span>
     <span class='ocr_line' id='line_1_9' title="bbox 338 1440 1689 1528; baseline -0.001 -25"><span class='ocrx_word' id='word_1_87' title='bbox 338 1441 607 1524; x_wconf 85' lang='lat' dir='ltr'>multiplicantur.</span> <span class='ocrx_word' id='word_1_88' title='bbox 651 1445 774 1508; x_wconf 85' lang='lat' dir='ltr'>Beatus</span> <span class='ocrx_word' id='word_1_89' title='bbox 796 1447 921 1528; x_wconf 90' lang='lat' dir='ltr'>estqui</span> <span class='ocrx_word' id='word_1_90' title='bbox 943 1446 976 1508; x_wconf 93' lang='lat' dir='ltr'>in</span> <span class='ocrx_word' id='word_1_91' title='bbox 997 1446 1206 1528; x_wconf 92' lang='lat' dir='ltr'>promocione</span> <span class='ocrx_word' id='word_1_92' title='bbox 1224 1445 1362 1526; x_wconf 88' lang='lat' dir='ltr'>alicujus</span> <span class='ocrx_word' id='word_1_93' title='bbox 1383 1443 1528 1508; x_wconf 89' lang='lat' dir='ltr'>attendit</span> <span class='ocrx_word' id='word_1_94' title='bbox 1547 1461 1623 1523; x_wconf 80' lang='lat' dir='ltr'>quae</span> <span class='ocrx_word' id='word_1_95' title='bbox 1646 1440 1689 1502; x_wconf 86' lang='lat' dir='ltr'>sit</span> 
     </span>
     <span class='ocr_line' id='line_1_10' title="bbox 336 1561 1689 1650; baseline -0.001 -26"><span class='ocrx_word' id='word_1_96' title='bbox 336 1563 488 1628; x_wconf 88' lang='lat' dir='ltr'>voluntas</span> <span class='ocrx_word' id='word_1_97' title='bbox 504 1565 568 1628; x_wconf 90' lang='lat' dir='ltr'>Dei</span> <span class='ocrx_word' id='word_1_98' title='bbox 585 1567 681 1645; x_wconf 89' lang='lat' dir='ltr'>bona,</span> <span class='ocrx_word' id='word_1_99' title='bbox 695 1567 927 1649; x_wconf 63' lang='lat' dir='ltr'>beneplacens</span> <span class='ocrx_word' id='word_1_100' title='bbox 943 1577 976 1630; x_wconf 91' lang='lat' dir='ltr'>et</span> <span class='ocrx_word' id='word_1_101' title='bbox 992 1566 1145 1650; x_wconf 84' lang='lat' dir='ltr'>perfecta,</span> <span class='ocrx_word' id='word_1_102' title='bbox 1161 1575 1198 1630; x_wconf 95' lang='lat' dir='ltr'>ut</span> <span class='ocrx_word' id='word_1_103' title='bbox 1216 1566 1319 1630; x_wconf 87' lang='lat' dir='ltr'>talem</span> <span class='ocrx_word' id='word_1_104' title='bbox 1337 1567 1497 1643; x_wconf 89' lang='lat' dir='ltr'>instituat,</span> <span class='ocrx_word' id='word_1_105' title='bbox 1512 1563 1563 1627; x_wconf 90' lang='lat' dir='ltr'>cui</span> <span class='ocrx_word' id='word_1_106' title='bbox 1580 1561 1689 1625; x_wconf 90' lang='lat' dir='ltr'>dicere</span> 
     </span>
     <span class='ocr_line' id='line_1_11' title="bbox 336 1682 1689 1770; baseline 0 -24"><span class='ocrx_word' id='word_1_107' title='bbox 336 1694 457 1765; x_wconf 89' lang='lat' dir='ltr'>potest,</span> <span class='ocrx_word' id='word_1_108' title='bbox 502 1685 711 1751; x_wconf 90' lang='lat' dir='ltr'>‘Secundum</span> <span class='ocrx_word' id='word_1_109' title='bbox 737 1689 857 1764; x_wconf 90' lang='lat' dir='ltr'>Deum,</span> <span class='ocrx_word' id='word_1_110' title='bbox 881 1689 924 1752; x_wconf 92' lang='lat' dir='ltr'>ad</span> <span class='ocrx_word' id='word_1_111' title='bbox 947 1689 1060 1752; x_wconf 93' lang='lat' dir='ltr'>omnia</span> <span class='ocrx_word' id='word_1_112' title='bbox 1082 1709 1156 1770; x_wconf 88' lang='lat' dir='ltr'>quae</span> <span class='ocrx_word' id='word_1_113' title='bbox 1180 1689 1283 1752; x_wconf 90' lang='lat' dir='ltr'>mittit</span> <span class='ocrx_word' id='word_1_114' title='bbox 1305 1699 1339 1752; x_wconf 90' lang='lat' dir='ltr'>te</span> <span class='ocrx_word' id='word_1_115' title='bbox 1365 1689 1465 1765; x_wconf 89' lang='lat' dir='ltr'>Deus,</span> <span class='ocrx_word' id='word_1_116' title='bbox 1489 1682 1570 1763; x_wconf 86' lang='lat' dir='ltr'>ibis‚’</span> <span class='ocrx_word' id='word_1_117' title='bbox 1604 1683 1689 1746; x_wconf 91' lang='lat' dir='ltr'>sicut</span> 
     </span>
     <span class='ocr_line' id='line_1_12' title="bbox 338 1803 1689 1892; baseline 0.001 -27"><span class='ocrx_word' id='word_1_118' title='bbox 338 1803 502 1869; x_wconf 90' lang='lat' dir='ltr'>Dominus</span> <span class='ocrx_word' id='word_1_119' title='bbox 522 1807 608 1872; x_wconf 85' lang='lat' dir='ltr'>dixit</span> <span class='ocrx_word' id='word_1_120' title='bbox 628 1807 791 1889; x_wconf 85' lang='lat' dir='ltr'>Jeremiae‚</span> <span class='ocrx_word' id='word_1_121' title='bbox 813 1810 889 1873; x_wconf 90' lang='lat' dir='ltr'>‘Ad</span> <span class='ocrx_word' id='word_1_122' title='bbox 911 1812 1021 1873; x_wconf 90' lang='lat' dir='ltr'>omnia</span> <span class='ocrx_word' id='word_1_123' title='bbox 1045 1831 1121 1892; x_wconf 83' lang='lat' dir='ltr'>quae</span> <span class='ocrx_word' id='word_1_124' title='bbox 1149 1811 1279 1874; x_wconf 89' lang='lat' dir='ltr'>mittam</span> <span class='ocrx_word' id='word_1_125' title='bbox 1306 1821 1340 1874; x_wconf 90' lang='lat' dir='ltr'>te</span> <span class='ocrx_word' id='word_1_126' title='bbox 1364 1807 1444 1873; x_wconf 90' lang='lat' dir='ltr'>ibis.&#39;</span> <span class='ocrx_word' id='word_1_127' title='bbox 1501 1807 1623 1871; x_wconf 88' lang='lat' dir='ltr'>Beatus</span> <span class='ocrx_word' id='word_1_128' title='bbox 1646 1805 1689 1868; x_wconf 92' lang='lat' dir='ltr'>sit</span> 
     </span>
     <span class='ocr_line' id='line_1_13' title="bbox 337 1925 1688 2014; baseline 0.001 -27"><span class='ocrx_word' id='word_1_129' title='bbox 337 1947 357 1987; x_wconf 87' lang='lat' dir='ltr'>a</span> <span class='ocrx_word' id='word_1_130' title='bbox 375 1925 449 1990; x_wconf 93' lang='lat' dir='ltr'>Deo</span> <span class='ocrx_word' id='word_1_131' title='bbox 463 1929 520 2009; x_wconf 92' lang='lat' dir='ltr'>qui</span> <span class='ocrx_word' id='word_1_132' title='bbox 544 1929 576 1992; x_wconf 93' lang='lat' dir='ltr'>in</span> <span class='ocrx_word' id='word_1_133' title='bbox 599 1931 764 1994; x_wconf 89' lang='lat' dir='ltr'>eleccione</span> <span class='ocrx_word' id='word_1_134' title='bbox 786 1932 1000 2014; x_wconf 77' lang='lat' dir='ltr'>praesidentis,</span> <span class='ocrx_word' id='word_1_135' title='bbox 1024 1933 1179 2014; x_wconf 88' lang='lat' dir='ltr'>episcopi,</span> <span class='ocrx_word' id='word_1_136' title='bbox 1202 1933 1335 1995; x_wconf 89' lang='lat' dir='ltr'>rectoris</span> <span class='ocrx_word' id='word_1_137' title='bbox 1358 1931 1483 2014; x_wconf 92' lang='lat' dir='ltr'>populi,</span> <span class='ocrx_word' id='word_1_138' title='bbox 1507 1940 1540 1993; x_wconf 90' lang='lat' dir='ltr'>et</span> <span class='ocrx_word' id='word_1_139' title='bbox 1559 1927 1688 2010; x_wconf 80' lang='lat' dir='ltr'>judicis,</span> 
     </span>
     <span class='ocr_line' id='line_1_14' title="bbox 337 2049 1689 2137; baseline 0 -28"><span class='ocrx_word' id='word_1_140' title='bbox 337 2068 413 2111; x_wconf 89' lang='lat' dir='ltr'>vere</span> <span class='ocrx_word' id='word_1_141' title='bbox 437 2051 516 2114; x_wconf 89' lang='lat' dir='ltr'>dicit</span> <span class='ocrx_word' id='word_1_142' title='bbox 538 2053 638 2115; x_wconf 86' lang='lat' dir='ltr'>verba</span> <span class='ocrx_word' id='word_1_143' title='bbox 664 2074 738 2135; x_wconf 87' lang='lat' dir='ltr'>quae</span> <span class='ocrx_word' id='word_1_144' title='bbox 762 2055 848 2118; x_wconf 90' lang='lat' dir='ltr'>dixit</span> <span class='ocrx_word' id='word_1_145' title='bbox 871 2054 1000 2117; x_wconf 86' lang='lat' dir='ltr'>Pharao</span> <span class='ocrx_word' id='word_1_146' title='bbox 1022 2055 1064 2116; x_wconf 90' lang='lat' dir='ltr'>ad</span> <span class='ocrx_word' id='word_1_147' title='bbox 1080 2053 1215 2137; x_wconf 87' lang='lat' dir='ltr'>Joseph,</span> <span class='ocrx_word' id='word_1_148' title='bbox 1233 2053 1364 2116; x_wconf 90' lang='lat' dir='ltr'>Genisis</span> <span class='ocrx_word' id='word_1_149' title='bbox 1384 2059 1450 2130; x_wconf 88' lang='lat'>40⁰,</span> <span class='ocrx_word' id='word_1_150' title='bbox 1467 2051 1595 2113; x_wconf 85' lang='lat' dir='ltr'>‘Primo</span> <span class='ocrx_word' id='word_1_151' title='bbox 1611 2049 1689 2129; x_wconf 90' lang='lat' dir='ltr'>quia</span> 
     </span>
     <span class='ocr_line' id='line_1_15' title="bbox 337 2169 1689 2256; baseline 0 -26"><span class='ocrx_word' id='word_1_152' title='bbox 337 2171 483 2234; x_wconf 88' lang='lat' dir='ltr'>ostendit</span> <span class='ocrx_word' id='word_1_153' title='bbox 498 2172 558 2235; x_wconf 91' lang='lat' dir='ltr'>tibi</span> <span class='ocrx_word' id='word_1_154' title='bbox 575 2173 739 2238; x_wconf 91' lang='lat' dir='ltr'>Dominus</span> <span class='ocrx_word' id='word_1_155' title='bbox 757 2175 867 2238; x_wconf 90' lang='lat' dir='ltr'>omnia</span> <span class='ocrx_word' id='word_1_156' title='bbox 884 2196 958 2256; x_wconf 84' lang='lat' dir='ltr'>quae</span> <span class='ocrx_word' id='word_1_157' title='bbox 974 2174 1102 2239; x_wconf 91' lang='lat' dir='ltr'>locutus</span> <span class='ocrx_word' id='word_1_158' title='bbox 1118 2174 1170 2253; x_wconf 78' lang='lat' dir='ltr'>ee,&#39;</span> <span class='ocrx_word' id='word_1_159' title='bbox 1192 2195 1236 2240; x_wconf 90' lang='lat' dir='ltr'>sc.</span> <span class='ocrx_word' id='word_1_160' title='bbox 1252 2175 1403 2238; x_wconf 90' lang='lat' dir='ltr'>docendo</span> <span class='ocrx_word' id='word_1_161' title='bbox 1419 2183 1452 2237; x_wconf 89' lang='lat' dir='ltr'>et</span> <span class='ocrx_word' id='word_1_162' title='bbox 1469 2169 1689 2256; x_wconf 82' lang='lat' dir='ltr'>praedicand0,</span> 
     </span>
     <span class='ocr_line' id='line_1_16' title="bbox 339 2292 1689 2379; baseline 0.001 -27"><span class='ocrx_word' id='word_1_163' title='bbox 339 2299 373 2352; x_wconf 92' lang='lat' dir='ltr'>et</span> <span class='ocrx_word' id='word_1_164' title='bbox 396 2292 537 2362; x_wconf 86' lang='lat' dir='ltr'>similem</span> <span class='ocrx_word' id='word_1_165' title='bbox 560 2296 608 2357; x_wconf 93' lang='lat' dir='ltr'>tui</span> <span class='ocrx_word' id='word_1_166' title='bbox 634 2296 779 2360; x_wconf 82' lang='lat' dir='ltr'>invenire</span> <span class='ocrx_word' id='word_1_167' title='bbox 805 2317 871 2360; x_wconf 91' lang='lat' dir='ltr'>non</span> <span class='ocrx_word' id='word_1_168' title='bbox 893 2304 1020 2379; x_wconf 90' lang='lat' dir='ltr'>potero,</span> <span class='ocrx_word' id='word_1_169' title='bbox 1041 2297 1116 2359; x_wconf 91' lang='lat' dir='ltr'>ideo</span> <span class='ocrx_word' id='word_1_170' title='bbox 1146 2295 1301 2360; x_wconf 90' lang='lat' dir='ltr'>constitui</span> <span class='ocrx_word' id='word_1_171' title='bbox 1325 2305 1359 2360; x_wconf 91' lang='lat' dir='ltr'>te</span> <span class='ocrx_word' id='word_1_172' title='bbox 1381 2316 1479 2378; x_wconf 90' lang='lat' dir='ltr'>super</span> <span class='ocrx_word' id='word_1_173' title='bbox 1504 2295 1689 2358; x_wconf 84' lang='lat' dir='ltr'>universam</span> 
     </span>
     <span class='ocr_line' id='line_1_17' title="bbox 337 2411 1690 2498; baseline -0.001 -25"><span class='ocrx_word' id='word_1_174' title='bbox 337 2419 459 2475; x_wconf 89' lang='lat' dir='ltr'>terram</span> <span class='ocrx_word' id='word_1_175' title='bbox 483 2411 616 2497; x_wconf 86' lang='lat' dir='ltr'>Egipti,’</span> <span class='ocrx_word' id='word_1_176' title='bbox 640 2415 698 2480; x_wconf 90' lang='lat' dir='ltr'>i.e.</span> <span class='ocrx_word' id='word_1_177' title='bbox 723 2417 880 2480; x_wconf 86' lang='lat' dir='ltr'>ecclesiae.</span> <span class='ocrx_word' id='word_1_178' title='bbox 925 2417 1037 2481; x_wconf 89' lang='lat' dir='ltr'>Malus</span> <span class='ocrx_word' id='word_1_179' title='bbox 1063 2417 1240 2498; x_wconf 89' lang='lat' dir='ltr'>dispositor</span> <span class='ocrx_word' id='word_1_180' title='bbox 1263 2416 1397 2480; x_wconf 89' lang='lat' dir='ltr'>samiliae</span> <span class='ocrx_word' id='word_1_181' title='bbox 1417 2417 1531 2480; x_wconf 90' lang='lat' dir='ltr'>domui</span> <span class='ocrx_word' id='word_1_182' title='bbox 1554 2423 1613 2490; x_wconf 91' lang='lat' dir='ltr'>est,</span> <span class='ocrx_word' id='word_1_183' title='bbox 1633 2411 1690 2494; x_wconf 90' lang='lat' dir='ltr'>qui</span> 
     </span>
    </p>
   </div>
   <div class='ocr_carea' id='block_1_3' title="bbox 338 2530 1689 2738">
    <p class='ocr_par' dir='ltr' id='par_1_3' title="bbox 338 2530 1689 2738">
     <span class='ocr_line' id='line_1_18' title="bbox 338 2530 1689 2621; baseline 0.001 -28"><span class='ocrx_word' id='word_1_184' title='bbox 338 2530 371 2594; x_wconf 94' lang='lat' dir='ltr'>in</span> <span class='ocrx_word' id='word_1_185' title='bbox 394 2535 529 2599; x_wconf 89' lang='lat' dir='ltr'>servicio</span> <span class='ocrx_word' id='word_1_186' title='bbox 550 2537 674 2600; x_wconf 91' lang='lat' dir='ltr'>domini</span> <span class='ocrx_word' id='word_1_187' title='bbox 697 2538 747 2600; x_wconf 91' lang='lat' dir='ltr'>sui</span> <span class='ocrx_word' id='word_1_188' title='bbox 770 2558 836 2601; x_wconf 92' lang='lat' dir='ltr'>non</span> <span class='ocrx_word' id='word_1_189' title='bbox 860 2539 989 2602; x_wconf 91' lang='lat' dir='ltr'>ordinat</span> <span class='ocrx_word' id='word_1_190' title='bbox 1008 2559 1074 2616; x_wconf 91' lang='lat' dir='ltr'>eos,</span> <span class='ocrx_word' id='word_1_191' title='bbox 1091 2538 1147 2619; x_wconf 92' lang='lat' dir='ltr'>qui</span> <span class='ocrx_word' id='word_1_192' title='bbox 1166 2538 1281 2613; x_wconf 92' lang='lat' dir='ltr'>sciunt,</span> <span class='ocrx_word' id='word_1_193' title='bbox 1303 2547 1336 2602; x_wconf 90' lang='lat' dir='ltr'>et</span> <span class='ocrx_word' id='word_1_194' title='bbox 1354 2547 1501 2621; x_wconf 90' lang='lat' dir='ltr'>possunt,</span> <span class='ocrx_word' id='word_1_195' title='bbox 1522 2545 1556 2599; x_wconf 89' lang='lat' dir='ltr'>et</span> <span class='ocrx_word' id='word_1_196' title='bbox 1573 2533 1689 2598; x_wconf 90' lang='lat' dir='ltr'>volunt</span> 
     </span>
     <span class='ocr_line' id='line_1_19' title="bbox 339 2653 1687 2738; baseline 0.001 -24"><span class='ocrx_word' id='word_1_197' title='bbox 339 2653 456 2717; x_wconf 87' lang='lat' dir='ltr'>melius</span> <span class='ocrx_word' id='word_1_198' title='bbox 474 2655 609 2721; x_wconf 92' lang='lat' dir='ltr'>domino</span> <span class='ocrx_word' id='word_1_199' title='bbox 624 2679 684 2721; x_wconf 91' lang='lat' dir='ltr'>suo</span> <span class='ocrx_word' id='word_1_200' title='bbox 700 2659 829 2738; x_wconf 84' lang='lat' dir='ltr'>servire,</span> <span class='ocrx_word' id='word_1_201' title='bbox 844 2660 903 2722; x_wconf 89' lang='lat' dir='ltr'>sed</span> <span class='ocrx_word' id='word_1_202' title='bbox 919 2659 1044 2722; x_wconf 89' lang='lat' dir='ltr'>amicos</span> <span class='ocrx_word' id='word_1_203' title='bbox 1059 2679 1138 2722; x_wconf 90' lang='lat' dir='ltr'>suos</span> <span class='ocrx_word' id='word_1_204' title='bbox 1152 2658 1293 2736; x_wconf 89' lang='lat' dir='ltr'>ordinat,</span> <span class='ocrx_word' id='word_1_205' title='bbox 1309 2668 1345 2722; x_wconf 91' lang='lat' dir='ltr'>ut</span> <span class='ocrx_word' id='word_1_206' title='bbox 1361 2657 1508 2722; x_wconf 91' lang='lat' dir='ltr'>ditentur</span> <span class='ocrx_word' id='word_1_207' title='bbox 1523 2657 1555 2719; x_wconf 92' lang='lat' dir='ltr'>in</span> <span class='ocrx_word' id='word_1_208' title='bbox 1571 2654 1687 2728; x_wconf 85' lang='lat' dir='ltr'>officio,</span> 
     </span>
    </p>
   </div>
   <div class='ocr_carea' id='block_1_4' title="bbox 338 2774 1691 4189">
    <p class='ocr_par' dir='ltr' id='par_1_4' title="bbox 338 2774 1691 4189">
     <span class='ocr_line' id='line_1_20' title="bbox 338 2774 1689 2861; baseline 0.001 -25"><span class='ocrx_word' id='word_1_209' title='bbox 338 2774 395 2855; x_wconf 91' lang='lat' dir='ltr'>qui</span> <span class='ocrx_word' id='word_1_210' title='bbox 418 2777 591 2841; x_wconf 88' lang='lat' dir='ltr'>servicium</span> <span class='ocrx_word' id='word_1_211' title='bbox 621 2780 771 2843; x_wconf 90' lang='lat' dir='ltr'>debiturn</span> <span class='ocrx_word' id='word_1_212' title='bbox 801 2781 980 2858; x_wconf 88' lang='lat' dir='ltr'>omittunt;</span> <span class='ocrx_word' id='word_1_213' title='bbox 1018 2781 1073 2856; x_wconf 90' lang='lat' dir='ltr'>sic,</span> <span class='ocrx_word' id='word_1_214' title='bbox 1097 2801 1148 2844; x_wconf 85' lang='lat' dir='ltr'>vae</span> <span class='ocrx_word' id='word_1_215' title='bbox 1178 2779 1260 2844; x_wconf 92' lang='lat' dir='ltr'>illisl</span> <span class='ocrx_word' id='word_1_216' title='bbox 1293 2779 1349 2861; x_wconf 94' lang='lat' dir='ltr'>qui</span> <span class='ocrx_word' id='word_1_217' title='bbox 1380 2779 1552 2844; x_wconf 86' lang='lat' dir='ltr'>conferunt</span> <span class='ocrx_word' id='word_1_218' title='bbox 1582 2775 1689 2840; x_wconf 90' lang='lat' dir='ltr'>officia</span> 
     </span>
     <span class='ocr_line' id='line_1_21' title="bbox 340 2895 1690 2982; baseline 0 -25"><span class='ocrx_word' id='word_1_219' title='bbox 340 2895 487 2960; x_wconf 86' lang='lat' dir='ltr'>ecclesiae</span> <span class='ocrx_word' id='word_1_220' title='bbox 511 2899 625 2962; x_wconf 89' lang='lat' dir='ltr'>amicis</span> <span class='ocrx_word' id='word_1_221' title='bbox 647 2901 714 2963; x_wconf 91' lang='lat' dir='ltr'>suis</span> <span class='ocrx_word' id='word_1_222' title='bbox 737 2900 930 2976; x_wconf 90' lang='lat' dir='ltr'>carnalibus,</span> <span class='ocrx_word' id='word_1_223' title='bbox 955 2921 1014 2982; x_wconf 87' lang='lat' dir='ltr'>per</span> <span class='ocrx_word' id='word_1_224' title='bbox 1036 2920 1119 2982; x_wconf 90' lang='lat' dir='ltr'>quos</span> <span class='ocrx_word' id='word_1_225' title='bbox 1142 2910 1235 2964; x_wconf 92' lang='lat' dir='ltr'>actus</span> <span class='ocrx_word' id='word_1_226' title='bbox 1259 2899 1359 2964; x_wconf 90' lang='lat' dir='ltr'>divini</span> <span class='ocrx_word' id='word_1_227' title='bbox 1383 2899 1490 2964; x_wconf 89' lang='lat' dir='ltr'>cultus</span> <span class='ocrx_word' id='word_1_228' title='bbox 1515 2907 1548 2962; x_wconf 90' lang='lat' dir='ltr'>et</span> <span class='ocrx_word' id='word_1_229' title='bbox 1575 2896 1690 2960; x_wconf 86' lang='lat' dir='ltr'>salutis</span> 
     </span>
     <span class='ocr_line' id='line_1_22' title="bbox 338 3016 1690 3104; baseline 0 -26"><span class='ocrx_word' id='word_1_230' title='bbox 338 3016 521 3080; x_wconf 87' lang='lat' dir='ltr'>animarum</span> <span class='ocrx_word' id='word_1_231' title='bbox 551 3022 757 3098; x_wconf 89' lang='lat' dir='ltr'>omittuntur,</span> <span class='ocrx_word' id='word_1_232' title='bbox 781 3031 815 3084; x_wconf 92' lang='lat' dir='ltr'>et</span> <span class='ocrx_word' id='word_1_233' title='bbox 845 3022 906 3104; x_wconf 93' lang='lat' dir='ltr'>ipsi</span> <span class='ocrx_word' id='word_1_234' title='bbox 937 3022 1085 3084; x_wconf 89' lang='lat' dir='ltr'>ditantur</span> <span class='ocrx_word' id='word_1_235' title='bbox 1114 3022 1157 3085; x_wconf 90' lang='lat' dir='ltr'>de</span> <span class='ocrx_word' id='word_1_236' title='bbox 1186 3021 1283 3084; x_wconf 92' lang='lat' dir='ltr'>bonis</span> <span class='ocrx_word' id='word_1_237' title='bbox 1313 3021 1469 3098; x_wconf 78' lang='lat' dir='ltr'>ecclesiae,</span> <span class='ocrx_word' id='word_1_238' title='bbox 1495 3039 1570 3101; x_wconf 85' lang='lat' dir='ltr'>quae</span> <span class='ocrx_word' id='word_1_239' title='bbox 1597 3017 1690 3080; x_wconf 88' lang='lat' dir='ltr'>Deus</span> 
     </span>
     <span class='ocr_line' id='line_1_23' title="bbox 339 3137 1690 3223; baseline 0 -25"><span class='ocrx_word' id='word_1_240' title='bbox 339 3137 478 3200; x_wconf 91' lang='lat' dir='ltr'>contulit</span> <span class='ocrx_word' id='word_1_241' title='bbox 508 3148 545 3203; x_wconf 93' lang='lat' dir='ltr'>ut</span> <span class='ocrx_word' id='word_1_242' title='bbox 574 3141 713 3204; x_wconf 91' lang='lat' dir='ltr'>ministri</span> <span class='ocrx_word' id='word_1_243' title='bbox 740 3141 886 3205; x_wconf 82' lang='lat' dir='ltr'>ecclesiae</span> <span class='ocrx_word' id='word_1_244' title='bbox 914 3141 1022 3220; x_wconf 86' lang='lat' dir='ltr'>libere,</span> <span class='ocrx_word' id='word_1_245' title='bbox 1048 3151 1081 3205; x_wconf 89' lang='lat' dir='ltr'>et</span> <span class='ocrx_word' id='word_1_246' title='bbox 1112 3144 1181 3204; x_wconf 90' lang='lat' dir='ltr'>sine</span> <span class='ocrx_word' id='word_1_247' title='bbox 1207 3161 1306 3205; x_wconf 91' lang='lat' dir='ltr'>onere</span> <span class='ocrx_word' id='word_1_248' title='bbox 1335 3141 1527 3223; x_wconf 87' lang='lat' dir='ltr'>temporalis</span> <span class='ocrx_word' id='word_1_249' title='bbox 1555 3137 1690 3214; x_wconf 87' lang='lat' dir='ltr'>servicii,</span> 
     </span>
     <span class='ocr_line' id='line_1_24' title="bbox 338 3261 1689 3344; baseline 0.001 -25"><span class='ocrx_word' id='word_1_250' title='bbox 338 3269 493 3322; x_wconf 90' lang='lat' dir='ltr'>vacarent</span> <span class='ocrx_word' id='word_1_251' title='bbox 509 3261 651 3325; x_wconf 90' lang='lat' dir='ltr'>oracioni</span> <span class='ocrx_word' id='word_1_252' title='bbox 668 3272 701 3325; x_wconf 92' lang='lat' dir='ltr'>et</span> <span class='ocrx_word' id='word_1_253' title='bbox 717 3262 945 3344; x_wconf 83' lang='lat' dir='ltr'>praedicacioni</span> <span class='ocrx_word' id='word_1_254' title='bbox 962 3272 996 3327; x_wconf 93' lang='lat' dir='ltr'>et</span> <span class='ocrx_word' id='word_1_255' title='bbox 1012 3262 1124 3326; x_wconf 91' lang='lat' dir='ltr'>studio</span> <span class='ocrx_word' id='word_1_256' title='bbox 1139 3283 1239 3326; x_wconf 84' lang='lat' dir='ltr'>sacrae</span> <span class='ocrx_word' id='word_1_257' title='bbox 1255 3264 1434 3344; x_wconf 85' lang='lat' dir='ltr'>scripturae,</span> <span class='ocrx_word' id='word_1_258' title='bbox 1451 3281 1541 3325; x_wconf 89' lang='lat' dir='ltr'>more</span> <span class='ocrx_word' id='word_1_259' title='bbox 1556 3267 1689 3342; x_wconf 91' lang='lat' dir='ltr'>aposto·</span> 
     </span>
     <span class='ocr_line' id='line_1_25' title="bbox 339 3375 1689 3464; baseline 0.001 -25"><span class='ocrx_word' id='word_1_260' title='bbox 339 3377 446 3440; x_wconf 91' lang='lat' dir='ltr'>lorum</span> <span class='ocrx_word' id='word_1_261' title='bbox 466 3379 615 3444; x_wconf 87' lang='lat' dir='ltr'>Actuum</span> <span class='ocrx_word' id='word_1_262' title='bbox 638 3391 745 3461; x_wconf 91' lang='lat' dir='ltr'>sexto,</span> <span class='ocrx_word' id='word_1_263' title='bbox 766 3393 803 3446; x_wconf 86' lang='lat' dir='ltr'>ut</span> <span class='ocrx_word' id='word_1_264' title='bbox 822 3392 964 3447; x_wconf 87' lang='lat' dir='ltr'>testatur</span> <span class='ocrx_word' id='word_1_265' title='bbox 987 3381 1130 3448; x_wconf 90' lang='lat' dir='ltr'>Sanctus</span> <span class='ocrx_word' id='word_1_266' title='bbox 1149 3383 1337 3464; x_wconf 90' lang='lat' dir='ltr'>Jeronimus</span> <span class='ocrx_word' id='word_1_267' title='bbox 1355 3402 1454 3464; x_wconf 90' lang='lat' dir='ltr'>super</span> <span class='ocrx_word' id='word_1_268' title='bbox 1470 3380 1582 3464; x_wconf 88' lang='lat' dir='ltr'>Josua.</span> <span class='ocrx_word' id='word_1_269' title='bbox 1627 3375 1689 3442; x_wconf 83' lang='lat' dir='ltr'>Vae</span> 
     </span>
     <span class='ocr_line' id='line_1_26' title="bbox 340 3499 1690 3585; baseline 0.001 -24"><span class='ocrx_word' id='word_1_270' title='bbox 340 3519 418 3581; x_wconf 86' lang='lat' dir='ltr'>ergo</span> <span class='ocrx_word' id='word_1_271' title='bbox 444 3500 524 3564; x_wconf 86' lang='lat' dir='ltr'>illis!</span> <span class='ocrx_word' id='word_1_272' title='bbox 558 3504 614 3584; x_wconf 94' lang='lat' dir='ltr'>qui</span> <span class='ocrx_word' id='word_1_273' title='bbox 641 3502 798 3585; x_wconf 89' lang='lat' dir='ltr'>exemplo</span> <span class='ocrx_word' id='word_1_274' title='bbox 826 3502 905 3567; x_wconf 88' lang='lat' dir='ltr'>Heli</span> <span class='ocrx_word' id='word_1_275' title='bbox 932 3503 1172 3567; x_wconf 85' lang='lat' dir='ltr'>maledicuntur</span> <span class='ocrx_word' id='word_1_276' title='bbox 1195 3525 1216 3567; x_wconf 89' lang='lat' dir='ltr'>a</span> <span class='ocrx_word' id='word_1_277' title='bbox 1241 3503 1396 3579; x_wconf 86' lang='lat' dir='ltr'>Domino,</span> <span class='ocrx_word' id='word_1_278' title='bbox 1423 3503 1501 3584; x_wconf 90' lang='lat' dir='ltr'>quia</span> <span class='ocrx_word' id='word_1_279' title='bbox 1527 3499 1690 3563; x_wconf 89' lang='lat' dir='ltr'>honorant</span> 
     </span>
     <span class='ocr_line' id='line_1_27' title="bbox 339 3618 1690 3707; baseline -0.001 -25"><span class='ocrx_word' id='word_1_280' title='bbox 339 3621 464 3684; x_wconf 87' lang='lat' dir='ltr'>amicos</span> <span class='ocrx_word' id='word_1_281' title='bbox 492 3642 569 3685; x_wconf 90' lang='lat' dir='ltr'>suos</span> <span class='ocrx_word' id='word_1_282' title='bbox 598 3623 744 3687; x_wconf 89' lang='lat' dir='ltr'>carnales</span> <span class='ocrx_word' id='word_1_283' title='bbox 775 3625 872 3687; x_wconf 87' lang='lat' dir='ltr'>bonis</span> <span class='ocrx_word' id='word_1_284' title='bbox 902 3623 1048 3688; x_wconf 85' lang='lat' dir='ltr'>ecclesiae</span> <span class='ocrx_word' id='word_1_285' title='bbox 1076 3624 1181 3707; x_wconf 83' lang='lat' dir='ltr'>magis</span> <span class='ocrx_word' id='word_1_286' title='bbox 1207 3644 1308 3706; x_wconf 91' lang='lat' dir='ltr'>quam</span> <span class='ocrx_word' id='word_1_287' title='bbox 1336 3623 1455 3700; x_wconf 90' lang='lat' dir='ltr'>Deum,</span> <span class='ocrx_word' id='word_1_288' title='bbox 1484 3618 1690 3704; x_wconf 86' lang='lat' dir='ltr'>praelerendo</span> 
     </span>
     <span class='ocr_line' id='line_1_28' title="bbox 338 3739 1689 3827; baseline 0 -26"><span class='ocrx_word' id='word_1_289' title='bbox 338 3739 542 3804; x_wconf 90' lang='lat' dir='ltr'>voluntatem</span> <span class='ocrx_word' id='word_1_290' title='bbox 564 3743 728 3807; x_wconf 87' lang='lat' dir='ltr'>carnalem</span> <span class='ocrx_word' id='word_1_291' title='bbox 751 3745 931 3808; x_wconf 91' lang='lat' dir='ltr'>amicorum</span> <span class='ocrx_word' id='word_1_292' title='bbox 954 3765 1086 3808; x_wconf 88' lang='lat' dir='ltr'>suorum</span> <span class='ocrx_word' id='word_1_293' title='bbox 1107 3746 1213 3827; x_wconf 86' lang='lat' dir='ltr'>magis</span> <span class='ocrx_word' id='word_1_294' title='bbox 1230 3765 1330 3827; x_wconf 89' lang='lat' dir='ltr'>quam</span> <span class='ocrx_word' id='word_1_295' title='bbox 1347 3743 1410 3806; x_wconf 87' lang='lat' dir='ltr'>Dei</span> <span class='ocrx_word' id='word_1_296' title='bbox 1428 3743 1633 3806; x_wconf 87' lang='lat' dir='ltr'>voluntatem</span> <span class='ocrx_word' id='word_1_297' title='bbox 1657 3740 1689 3801; x_wconf 93' lang='lat' dir='ltr'>in</span> 
     </span>
     <span class='ocr_line' id='line_1_29' title="bbox 339 3859 1689 3943; baseline -0.001 -21"><span class='ocrx_word' id='word_1_298' title='bbox 339 3859 549 3942; x_wconf 83' lang='lat' dir='ltr'>praeficiendo</span> <span class='ocrx_word' id='word_1_299' title='bbox 572 3864 677 3928; x_wconf 92' lang='lat' dir='ltr'>bonos</span> <span class='ocrx_word' id='word_1_300' title='bbox 694 3875 834 3929; x_wconf 85' lang='lat' dir='ltr'>curatos.</span> <span class='ocrx_word' id='word_1_301' title='bbox 882 3865 961 3929; x_wconf 87' lang='lat' dir='ltr'>Heli</span> <span class='ocrx_word' id='word_1_302' title='bbox 984 3865 1071 3928; x_wconf 91' lang='lat' dir='ltr'>enim</span> <span class='ocrx_word' id='word_1_303' title='bbox 1094 3865 1267 3928; x_wconf 90' lang='lat' dir='ltr'>honoravit</span> <span class='ocrx_word' id='word_1_304' title='bbox 1289 3864 1373 3928; x_wconf 88' lang='lat' dir='ltr'>filios</span> <span class='ocrx_word' id='word_1_305' title='bbox 1393 3884 1469 3927; x_wconf 91' lang='lat' dir='ltr'>suos</span> <span class='ocrx_word' id='word_1_306' title='bbox 1492 3862 1689 3943; x_wconf 88' lang='lat' dir='ltr'>plusquam</span> 
     </span>
     <span class='ocr_line' id='line_1_30' title="bbox 341 3979 1690 4068; baseline -0.001 -24"><span class='ocrx_word' id='word_1_307' title='bbox 341 3979 451 4044; x_wconf 91' lang='lat' dir='ltr'>Deum</span> <span class='ocrx_word' id='word_1_308' title='bbox 467 3982 501 4044; x_wconf 93' lang='lat' dir='ltr'>in</span> <span class='ocrx_word' id='word_1_309' title='bbox 516 3982 588 4062; x_wconf 93' lang='lat' dir='ltr'>hoc,</span> <span class='ocrx_word' id='word_1_310' title='bbox 604 3986 694 4066; x_wconf 90' lang='lat' dir='ltr'>quod</span> <span class='ocrx_word' id='word_1_311' title='bbox 717 4006 775 4049; x_wconf 88' lang='lat' dir='ltr'>eos</span> <span class='ocrx_word' id='word_1_312' title='bbox 798 4005 863 4049; x_wconf 92' lang='lat' dir='ltr'>non</span> <span class='ocrx_word' id='word_1_313' title='bbox 886 3984 1016 4068; x_wconf 90' lang='lat' dir='ltr'>expulit</span> <span class='ocrx_word' id='word_1_314' title='bbox 1031 3985 1074 4048; x_wconf 91' lang='lat' dir='ltr'>ab</span> <span class='ocrx_word' id='word_1_315' title='bbox 1090 3985 1197 4049; x_wconf 87' lang='lat' dir='ltr'>officio</span> <span class='ocrx_word' id='word_1_316' title='bbox 1212 3985 1367 4062; x_wconf 87' lang='lat' dir='ltr'>ecclesiae,</span> <span class='ocrx_word' id='word_1_317' title='bbox 1382 3985 1440 4048; x_wconf 93' lang='lat' dir='ltr'>sed</span> <span class='ocrx_word' id='word_1_318' title='bbox 1464 3981 1611 4066; x_wconf 88' lang='lat' dir='ltr'>permisit</span> <span class='ocrx_word' id='word_1_319' title='bbox 1632 3999 1690 4044; x_wconf 87' lang='lat' dir='ltr'>eos</span> 
     </span>
     <span class='ocr_line' id='line_1_31' title="bbox 339 4102 1691 4189; baseline 0 -26"><span class='ocrx_word' id='word_1_320' title='bbox 339 4111 428 4164; x_wconf 91' lang='lat' dir='ltr'>stare</span> <span class='ocrx_word' id='word_1_321' title='bbox 448 4102 481 4164; x_wconf 90' lang='lat' dir='ltr'>in</span> <span class='ocrx_word' id='word_1_322' title='bbox 504 4102 612 4166; x_wconf 88' lang='lat' dir='ltr'>officio</span> <span class='ocrx_word' id='word_1_323' title='bbox 629 4105 836 4169; x_wconf 90' lang='lat' dir='ltr'>sacerdotum</span> <span class='ocrx_word' id='word_1_324' title='bbox 856 4116 989 4189; x_wconf 86' lang='lat' dir='ltr'>propter</span> <span class='ocrx_word' id='word_1_325' title='bbox 1006 4106 1240 4188; x_wconf 84' lang='lat' dir='ltr'>pinguedinem</span> <span class='ocrx_word' id='word_1_326' title='bbox 1260 4106 1475 4181; x_wconf 88' lang='lat' dir='ltr'>victimarum,</span> <span class='ocrx_word' id='word_1_327' title='bbox 1492 4112 1528 4166; x_wconf 91' lang='lat' dir='ltr'>ut</span> <span class='ocrx_word' id='word_1_328' title='bbox 1550 4110 1691 4166; x_wconf 88' lang='lat' dir='ltr'>testatur</span> 
     </span>
    </p>
   </div>
   <div class='ocr_carea' id='block_1_5' title="bbox 342 4219 1689 4392">
    <p class='ocr_par' dir='ltr' id='par_1_5' title="bbox 342 4219 1689 4392">
     <span class='ocr_line' id='line_1_32' title="bbox 342 4219 1689 4309; baseline 0.001 -24"><span class='ocrx_word' id='word_1_329' title='bbox 342 4219 485 4285; x_wconf 86' lang='lat' dir='ltr'>Sanctus</span> <span class='ocrx_word' id='word_1_330' title='bbox 510 4221 698 4303; x_wconf 88' lang='lat' dir='ltr'>Jeronimus</span> <span class='ocrx_word' id='word_1_331' title='bbox 728 4237 841 4291; x_wconf 89' lang='lat' dir='ltr'>contra</span> <span class='ocrx_word' id='word_1_332' title='bbox 873 4225 1067 4309; x_wconf 85' lang='lat' dir='ltr'>Pelagianos</span> <span class='ocrx_word' id='word_1_333' title='bbox 1096 4227 1278 4292; x_wconf 80' lang='lat' dir='ltr'>lraereticos.</span> <span class='ocrx_word' id='word_1_334' title='bbox 1340 4225 1395 4291; x_wconf 90' lang='lat' dir='ltr'>Sic</span> <span class='ocrx_word' id='word_1_335' title='bbox 1428 4226 1490 4308; x_wconf 92' lang='lat' dir='ltr'>ipsi</span> <span class='ocrx_word' id='word_1_336' title='bbox 1525 4224 1689 4288; x_wconf 86' lang='lat' dir='ltr'>honorant</span> 
     </span>
     <span class='ocr_line' id='line_1_33' title="bbox 1011 4343 1023 4392; baseline 0 0"><span class='ocrx_word' id='word_1_337' title='bbox 1011 4343 1023 4392; x_wconf 91' lang='lat'>1</span> 
     </span>
    </p>
   </div>
   <div class='ocr_carea' id='block_1_6' title="bbox 0 0 2181 4936">
    <p class='ocr_par' dir='ltr' id='par_1_6' title="bbox 0 0 2181 4936">
     <span class='ocr_line' id='line_1_34' title="bbox 0 0 2181 4936; baseline 0 0"><span class='ocrx_word' id='word_1_338' title='bbox 0 0 2181 4936; x_wconf 95' lang='lat' dir='ltr'> </span> 
     </span>
    </p>
   </div>
  </div>
 </body>
</html>
