4338 4936
742 415 842 469 LOCI
867 415 897 468 E
925 415 1050 470 LIBRO
1085 415 1343 473 VERITATUM.
1680 420 1719 489 73

364 629 568 697 voluntas.''’
611 633 673 698 Vae
695 633 776 699 illisl
807 636 863 718 qui
890 635 1005 700 dicunt
1031 635 1111 700 illud
1136 635 1266 700 Genisis
1292 637 1459 701 tricesimo
1485 641 1522 713 4⁰
1548 631 1718 718 capitulo;

365 774 467 816 unum
501 764 551 818 est
581 775 648 837 quo
679 755 828 819 differtur
860 736 990 820 tantum
1024 758 1158 834 bonum,
1182 758 1215 820 si
1250 757 1523 821 circumcidamus
1554 755 1720 819 masculos

366 885 504 952 nostros,
513 875 702 939 substancia
716 877 868 954 virorum,
879 886 912 940 et
928 886 1045 940 cuncta
1056 898 1131 960 quae
1148 879 1328 960 possident,
1340 887 1452 945 nostra
1467 886 1573 942 erunt.
1618 875 1721 939 Tales

367 1005 443 1058 sunt
458 995 513 1076 qui
529 995 678 1068 dicunt„‘
691 995 854 1078 Pauperes
872 1017 986 1061 sumus
1001 1007 1035 1061 et
1050 997 1140 1070 viles¹
1157 999 1216 1062 sed
1232 999 1259 1060 si
1275 998 1474 1061 voluerimus
1489 996 1721 1061 circumcidere

277 1149 280 1152 ·
367 1135 436 1187 nos,
459 1125 492 1178 et
511 1136 663 1198 separare
684 1137 704 1179 a
724 1117 819 1180 nobis
841 1128 950 1181 vestes
970 1117 1152 1195 saeculares,
1173 1130 1207 1182 et
1229 1139 1353 1201 paucos
1375 1137 1489 1182 eorum
1511 1127 1614 1193 actus,
1633 1126 1721 1193 tunc,

367 1236 526 1300 intrantes
542 1237 742 1319 religionem,
758 1237 954 1302 habebimus
968 1239 1175 1302 voluntatem
1200 1251 1357 1315 nostram,
1371 1249 1409 1303 et
1423 1238 1585 1303 desideria
1601 1247 1722 1314 nostra,

364 1368 401 1421 et
417 1358 499 1421 servi
516 1358 580 1420 Dei
597 1359 821 1440 reputabimur
839 1369 872 1422 et
887 1358 1085 1437 vocabimur,
1100 1371 1133 1424 et
1150 1361 1238 1424 bona
1254 1360 1451 1424 habebimus
1467 1357 1662 1440 temporalia
1677 1358 1721 1420 ad

367 1488 482 1541 votum
497 1478 540 1541 ab
554 1478 627 1555 hiis,
642 1480 697 1560 qui
715 1480 852 1543 credunt
866 1500 902 1543 se
916 1481 1046 1544 actibus
1063 1481 1183 1544 nostris
1199 1481 1318 1544 elevari
1334 1481 1368 1543 in
1383 1475 1536 1558 coelum3’
1558 1489 1593 1543 et
1608 1489 1721 1542 tamen

367 1599 488 1661 dicitur
511 1599 544 1661 in
570 1598 711 1676 Psalmo,
736 1599 876 1664 ‘Oracio
902 1599 973 1682 ejus
995 1599 1054 1664 fiat
1077 1601 1110 1662 in
1134 1598 1328 1683 peccatum'
1373 1600 1494 1665 Oracio
1517 1600 1605 1662 enim
1627 1598 1665 1662 fit
1688 1598 1723 1660 in

368 1729 550 1801 peccatum,
564 1741 621 1782 seu
634 1719 772 1783 includit
788 1721 912 1784 malurn
929 1731 962 1784 et
978 1720 1155 1799 defectum,
1168 1722 1303 1804 quando
1316 1741 1414 1785 orans
1430 1741 1496 1784 non
1511 1730 1585 1783 orat
1600 1719 1723 1794 debite,

368 1850 405 1903 ut
435 1850 551 1918 oraret,
580 1861 669 1919 voce,
698 1851 786 1918 voto,
817 1852 850 1906 et
881 1841 969 1904 bono
1005 1862 1114 1924 opere,
1145 1851 1182 1905 ut
1211 1851 1354 1906 testatur
1386 1840 1529 1905 Sanctus
1563 1840 1657 1904 Beda
1687 1840 1721 1902 in

370 1959 625 2025 Commentariis
647 1981 745 2043 super
768 1961 987 2044 Evangelium
1012 1959 1126 2026 Sancti
1149 1962 1270 2040 Lucae;
1305 1970 1339 2025 et
1363 1962 1496 2044 quando
1522 1959 1606 2023 fallit
1629 1960 1722 2022 illurn
1765 2009 1770 2022 .

369 2099 520 2162 proquo
544 2090 624 2158 orat,
649 2082 726 2163 quia
753 2081 816 2159 ille,
840 2102 899 2163 pro
924 2103 991 2164 quo
1017 2093 1099 2161 orat,
1126 2103 1192 2146 non
1220 2083 1322 2146 habet
1348 2093 1400 2146 tot
1424 2083 1511 2145 bona
1534 2101 1635 2163 opera
1662 2100 1722 2143 nec

369 2209 419 2265 tot
433 2201 522 2265 bona
538 2201 756 2285 multiplicata
771 2222 881 2265 coram
898 2203 973 2266 Deo
995 2223 1054 2285 per
1069 2204 1160 2285 ipsos
1174 2211 1314 2282 orantes,
1330 2204 1414 2268 sicut
1430 2202 1585 2266 fundator
1599 2221 1722 2279 eorum,

367 2321 421 2385 vel
448 2321 620 2386 conferens
646 2323 692 2386 eis
724 2322 811 2386 bona
840 2323 1047 2406 temporalia,
1073 2324 1226 2406 speravit,
1253 2333 1287 2387 et
1318 2323 1394 2388 ideo
1424 2322 1593 2386 fraudatus
1623 2332 1674 2385 est
1700 2343 1721 2384 a

367 2443 532 2507 desiderio
562 2464 632 2507 suo.
688 2443 779 2508 Olim
809 2446 910 2507 enim¹
930 2465 1024 2527 reges
1054 2445 1240 2510 habuerunt
1271 2446 1305 2508 in
1336 2445 1543 2508 monasteriis
1572 2463 1631 2526 per
1664 2459 1723 2506 eos

368 2563 513 2628 fundatis
542 2565 690 2647 egregios
719 2565 895 2647 scriptores
926 2565 1083 2628 librorum
1115 2585 1312 2648 magnorum
1341 2566 1526 2642 doctorum,
1551 2573 1585 2628 et
1615 2563 1721 2627 croni-

368 2703 490 2759 carum,
520 2694 708 2766 temporum
739 2684 932 2767 exemplum
966 2685 1129 2750 habentes
1155 2687 1198 2750 de
1227 2686 1360 2768 regibus
1385 2685 1633 2768 antiquioribus,
1660 2683 1719 2747 sed

367 2803 453 2870 heul
485 2805 565 2886 quia·
589 2805 660 2886 jam
686 2803 760 2868 libri
786 2806 872 2868 inter
896 2805 1065 2888 religiosos
1092 2815 1238 2888 pereunt,
1264 2815 1300 2870 et
1325 2805 1491 2884 deficiunt,
1515 2814 1550 2869 et
1576 2825 1721 2868 currum*

368 2935 500 3006 puntur‚
517 2927 631 3008 pocius
654 2946 754 3008 quarn
776 2927 820 2991 de
843 2947 929 2990 novo
950 2928 1145 2990 scribuntur.
1192 2926 1350 2992 Utinaml
1374 2946 1462 3008 ergo,
1480 2926 1608 2990 utinam
1628 2946 1721 3008 reges

368 3056 403 3109 et
427 3046 552 3108 domini
579 3045 779 3125 fundatores,
803 3047 885 3111 moti
912 3068 972 3130 per
999 3047 1105 3110 bonos
1130 3047 1341 3124 confessores,
1365 3047 1638 3110 monasteriorum
1662 3047 1721 3109 ab·

368 3165 500 3230 batibus
537 3165 746 3250 injungerent
775 3177 809 3231 et
842 3168 1077 3246 conventubus,
1107 3177 1144 3231 ut
1177 3177 1284 3231 certos
1317 3167 1492 3248 scriptores
1524 3165 1722 3230 exhiberent

368 3287 524 3350 continue
560 3297 750 3350 sanctorum
787 3289 960 3352 doctorum
994 3297 1028 3351 et
1066 3307 1261 3370 magnorum
1295 3288 1328 3349 in
1358 3286 1507 3365 sciencia,
1532 3286 1595 3350 sub
1624 3287 1721 3350 certis

368 3407 477 3488 poenis
500 3427 522 3470 a
544 3407 679 3470 domino
705 3427 781 3489 rege
805 3417 839 3471 et
862 3428 883 3470 a
908 3407 1136 3471 fundatoribus
1160 3408 1331 3490 impositis,
1352 3417 1386 3471 et
1412 3407 1501 3489 quod
1527 3405 1719 3471 fundatores

369 3501 642 3590 monasteriorum
666 3528 828 3592 auxilium
855 3549 953 3591 suum
978 3538 1012 3593 et
1035 3539 1152 3610 optata
1176 3529 1327 3611 praesidia
1352 3527 1483 3592 abillis
1509 3527 1720 3604 retraherent,

369 3667 542 3730 quousque
556 3669 615 3730 per
629 3647 772 3729 sigillum
796 3668 972 3711 commune
992 3648 1167 3730 cujuslibet
1190 3649 1379 3712 monasterii
1401 3648 1565 3711 fundatori
1581 3668 1641 3710 suo
1656 3647 1719 3712 hoc

368 3789 461 3846 onus,
476 3767 655 3831 exhibendi
671 3778 777 3832 certos
793 3769 877 3832 tales
894 3769 1075 3852 scriptores,
1092 3768 1124 3831 in
1141 3779 1334 3851 perpetuum
1349 3765 1551 3851 obligarent!
1597 3768 1720 3832 Dicant

367 3890 447 3971 quia
467 3909 543 3954 cum
560 3888 684 3954 Sancto
699 3889 869 3970 Jeronimo
890 3889 1053 3954 monacho
1073 3899 1189 3953 sancto
1211 3891 1244 3952 in
1265 3889 1403 3973 prologo
1418 3888 1551 3970 Josuae:
1575 3889 1719 3953 ‘Decre-

367 4011 484 4088 vimus,
508 4011 588 4074 dum
613 4011 746 4092 spiritus
769 4031 830 4074 nos
854 4012 980 4092 regerit,
1006 4012 1136 4076 actibus
1165 4011 1398 4092 scripturarum
1423 4019 1456 4073 et
1483 4011 1719 4092 prophetarum

366 4130 599 4214 explanacioni
626 4127 835 4196 incumbere?
881 4131 966 4196 Haec
990 4131 1035 4196 ibi
1063 4131 1206 4197 coelestis
1229 4133 1346 4196 doctor
1369 4131 1513 4196 Sanctus
1532 4131 1720 4212 jeronimus

367 4261 491 4317 sanctae
506 4253 622 4335 virgini
645 4252 827 4318 Eustochio
846 4252 922 4317 filiae
945 4253 1078 4318 Sanctae
1096 4254 1206 4318 Paulae
1222 4255 1330 4318 viduae
1351 4263 1430 4318 tunc
1449 4274 1553 4337 nuper
1571 4263 1721 4330 morture.

1033 4371 1055 4419 1,
