4322 4936
716 413 815 467 LOCI
840 414 869 466 E
899 411 1022 467 LIBRO
1058 412 1315 468 VERITATUM.
1630 413 1690 481 207

341 626 464 700 vancia,
482 627 609 707 ‘Jesusi
632 626 746 710 Jesus!
768 626 896 709 Jesus!'
927 628 1055 710 magnis
1072 636 1105 690 et
1125 627 1289 692 continuis
1308 626 1465 704 vocibus3
1493 625 1549 689 ilio
1571 626 1693 689 devoto

341 744 411 808 viro
435 748 604 828 quondam
631 752 721 813 socio
747 749 862 814 Sancti
888 749 1079 812 Bernardini
1106 748 1149 811 de
1178 747 1284 825 Senis,
1307 749 1363 830 qui
1386 747 1475 830 jacet
1501 749 1534 810 in
1557 745 1692 828 Aquila,

342 868 550 945 praecedente
575 866 716 934 Xtianos
746 871 779 932 in
810 870 866 932 illo
896 869 985 932 bello
1015 879 1048 932 et
1078 888 1208 933 crucem
1239 888 1313 932 cum
1345 868 1502 951 ymagine
1532 867 1593 931 Xti
1619 887 1695 949 por·

342 993 444 1061 tante,
469 999 503 1052 et
529 989 657 1070 ‘Jesust
693 987 825 1072 JesusI'
852 989 1026 1063 clamante,
1055 997 1088 1052 et
1112 988 1258 1053 Domino
1278 989 1367 1069 Jesu,
1389 1009 1520 1071 semper
1540 986 1693 1070 glorioso,

342 1107 513 1172 victoriam
538 1111 670 1174 Xtianis
694 1111 757 1174 illis
780 1113 991 1176 concedente.
1040 1110 1122 1173 Haec
1145 1119 1262 1192 patent
1284 1111 1317 1172 in
1340 1109 1434 1174 litera
1455 1108 1597 1191 sigillata
1619 1127 1694 1172 cum

343 1226 450 1309 sigillo
472 1250 638 1295 armorum
660 1253 794 1296 suorum
817 1233 943 1296 domini
963 1231 1125 1312 Johannis
1147 1231 1296 1314 Hungat,
1317 1232 1448 1296 comitis
1465 1229 1694 1294 Visterciensis

343 1347 376 1409 in
404 1348 560 1432 Ungaria,
587 1355 642 1434 qui
670 1353 730 1417 suit
755 1355 946 1435 capitaneus
971 1353 1056 1416 inter
1082 1351 1155 1415 illos
1182 1351 1333 1430 Xtianos,
1356 1353 1414 1435 qui
1439 1351 1501 1414 fuit
1530 1358 1695 1434 protector

343 1477 421 1533 tunc
444 1473 528 1554 regis
549 1485 582 1536 et
603 1475 694 1557 regni
712 1475 943 1556 Ungariorum,
960 1474 1015 1555 qui
1038 1473 1213 1536 reservavit
1232 1473 1265 1535 in
1284 1493 1386 1556 regno
1403 1473 1560 1554 Ungan'ae
1580 1489 1695 1534 omnes

344 1593 500 1671 pecunias
535 1593 691 1659 collectas
729 1605 763 1659 et
798 1595 894 1658 datas
924 1615 984 1676 pro
1020 1593 1235 1675 indulgenciis
1266 1593 1411 1677 Ungaris
1443 1593 1606 1658 concessis
1636 1609 1695 1673 per
1784 1635 1787 1640 -

343 1730 466 1793 papam
488 1714 688 1779 Nicholaum
711 1719 863 1798 quintum
886 1737 974 1779 anno
1000 1715 1136 1777 Domini
1164 1725 1265 1793 1451;
1296 1736 1371 1796 quae
1395 1717 1542 1796 pecuniae
1565 1713 1695 1776 fuerunt

343 1833 377 1893 in
410 1833 558 1917 Ungaria
592 1837 740 1901 collectae
771 1857 829 1920 per
864 1834 1063 1900 cardinalem
1093 1835 1180 1898 tituli
1212 1834 1325 1900 Sancti
1356 1835 1443 1899 Petri
1475 1835 1507 1896 in
1537 1834 1695 1911 VinculiS,

344 1953 545 2018 Nicholaum
567 1957 610 2020 de
631 1957 739 2034 Cusa;
765 1959 824 2022 sed
849 1957 904 2020 ille
927 1958 1033 2020 bonus
1056 1977 1167 2020 comes
1190 1977 1256 2020 non
1279 1958 1426 2040 permisit
1449 1955 1542 2019 illum
1565 1963 1696 2036 portare

344 2075 468 2157 aliquid
499 2078 542 2139 de
572 2078 634 2140 iliis
665 2079 809 2160 pecuniis
839 2079 966 2155 Romae,
990 2079 1049 2140 sed
1081 2077 1135 2141 ilie
1165 2098 1276 2141 comes
1306 2079 1447 2141 servavit
1477 2095 1593 2139 omnes
1623 2075 1696 2138 illas

345 2198 500 2277 pecunias
527 2197 682 2263 collectas
709 2219 768 2281 pro
799 2199 1015 2281 indulgenciis
1046 2199 1089 2262 ad
1120 2199 1376 2280 expendendum
1404 2206 1519 2262 contra
1548 2215 1696 2288 paganos

344 2317 478 2390 Turcos,
508 2329 541 2382 et
571 2320 617 2382 sic
648 2341 805 2402 expensae
834 2320 965 2383 suerunt
996 2330 1110 2384 contra
1131 2319 1257 2383 Turcos
1287 2321 1319 2382 in
1347 2339 1486 2401 quorum
1511 2318 1608 2382 metis
1638 2338 1695 2380 seu

345 2437 496 2501 merchiis
527 2441 587 2520 ipsi
617 2441 743 2523 Ungari
768 2451 922 2517 manent;
953 2450 986 2504 et
1013 2442 1091 2522 quia
1121 2441 1175 2503 ille
1205 2461 1316 2504 comes
1348 2461 1413 2503 non
1444 2439 1593 2521 permisit
1622 2438 1695 2500 illas

346 2560 509 2640 pecunias,
526 2561 572 2624 sic
595 2561 759 2638 collectas
776 2563 897 2644 portari
922 2562 964 2626 ad
987 2562 1138 2638 Romam,
1161 2563 1235 2625 ideo
1258 2583 1343 2644 papa
1360 2559 1539 2625 Nicholaus
1562 2559 1697 2641 quintus

346 2681 453 2761 ipsum
481 2683 782 2747 excommunicavit
809 2692 842 2746 et
869 2704 1005 2766 regnum
1032 2683 1204 2766 Ungariae:
1232 2683 1291 2746 sed
1319 2683 1374 2746 ille
1402 2702 1520 2759 comes,
1543 2681 1697 2744 dominus

345 2800 513 2880 Johannes
539 2803 663 2885 Ungat,
695 2816 728 2867 et
760 2824 896 2885 regnum
925 2801 1081 2885 Ungariae
1109 2805 1358 2885 appellaverunt
1384 2824 1403 2866 a
1430 2803 1569 2885 pedibus
1599 2821 1696 2882 papae

346 2921 501 2986 Nicholai
522 2924 565 2985 ad
587 2926 689 3005 pedes
703 2925 782 3005 Jesu
801 2925 871 3000 Xti,
889 2945 948 3006 pro
969 2925 1062 3006 cujus
1082 2947 1195 2988 amore
1217 2936 1429 2989 servaverunt
1450 2924 1522 2988 illas
1540 2923 1696 3005 pecunias

346 3046 389 3107 ad
420 3046 659 3128 expendendas
690 3047 762 3110 illas
793 3057 906 3110 contra
941 3048 1089 3110 inimicos
1128 3048 1230 3110 crucis
1266 3045 1335 3120 Xti,
1374 3046 1501 3109 Turcos
1539 3065 1695 3127 paganos.

348 3165 425 3247 Quo
448 3168 562 3230 audito
590 3179 623 3232 et
648 3170 789 3250 cognito
810 3170 897 3232 idem
923 3189 1010 3252 papa
1037 3168 1218 3232 Nicholaus
1245 3169 1378 3250 quintus
1406 3167 1514 3248 ipsum
1541 3165 1696 3229 comitem

347 3287 541 3352 absolvebat
570 3309 590 3351 a
621 3291 787 3354 sentencia
819 3290 886 3353 lata
917 3290 959 3353 ab
993 3291 1065 3372 ipso
1096 3309 1192 3372 papa,
1224 3299 1257 3352 et
1287 3289 1369 3351 alios
1399 3288 1503 3351 eciam
1533 3287 1566 3348 in
1596 3306 1697 3368 regno
1806 3359 1812 3371 ι

349 3409 507 3492 Ungariae
530 3432 614 3493 quos
637 3431 748 3474 secum
772 3411 1090 3488 excommunicavit3
1114 3419 1147 3472 et
1170 3419 1293 3492 postea,
1309 3429 1397 3472 anno
1420 3407 1480 3472 Xti
1502 3406 1593 3490 1456,
1610 3427 1698 3489 papa

350 3529 502 3596 Calixtus
525 3533 580 3614 iij=,
605 3533 813 3596 considerans
837 3532 961 3595 bellum
987 3531 1051 3594 Dei
1078 3541 1111 3594 et
1138 3530 1209 3612 ejus
1230 3531 1400 3595 victoriam
1425 3540 1539 3594 contra
1562 3528 1696 3602 Turcos,

347 3652 447 3717 bullis
473 3654 540 3717 suis
565 3663 598 3718 et
624 3653 725 3717 literis
749 3654 944 3718 hortabatur
970 3652 1109 3735 populos
1135 3653 1336 3715 diversorum
1360 3671 1534 3732 regnorum
1558 3651 1601 3714 ad
1625 3670 1697 3713 ora·

348 3774 459 3838 ciones
485 3785 518 3839 et
545 3775 587 3838 ad
611 3775 853 3858 poenitenciam,
879 3775 1092 3840 concedendo
1116 3781 1243 3856 septem
1266 3791 1370 3835 annos
1394 3771 1611 3852 indulgenciae
1639 3783 1699 3852 pro

348 3896 444 3959 certis
468 3897 730 3978 processionibus
761 3905 794 3959 et
824 3896 1029 3959 oracionibus
1059 3894 1185 3970 fiendis,
1217 3893 1372 3975 quociens
1402 3891 1503 3956 fiebat
1534 3891 1698 3974 processio

348 4037 424 4080 curn
447 4037 597 4081 sermone
620 4019 662 4081 ad
686 4017 856 4100 populum,
875 4038 950 4081 cum
974 4017 1071 4080 certis
1094 4017 1220 4092 mediis,
1241 4025 1277 4078 ut
1300 4013 1366 4077 vidi
1388 4012 1571 4094 inscriptis
1594 4011 1700 4074 missis

349 4135 498 4219 ejusdem
515 4159 619 4221 papae,
633 4159 703 4220 ego,
714 4139 864 4202 Thomas
878 4137 1072 4219 Gascoinge,
1085 4136 1170 4200 filius
1186 4145 1219 4200 et
1234 4135 1339 4198 haeres
1357 4133 1491 4199 Ricardi
1505 4131 1699 4214 Gascoigne,

349 4259 393 4322 de
417 4257 561 4322 Hunslet
586 4257 734 4322 Eborum
758 4259 905 4337 diocesis,
929 4269 962 4323 et
986 4257 1197 4322 cancellarius
1221 4255 1440 4320 universitatis
1464 4254 1616 4320 Oxoniae.
