4322 4936
694 367 792 420 LOCI
819 367 848 419 E
876 367 1000 421 LIBRO
1035 367 1293 422 VERJTATIM.
1610 372 1669 438 193

322 577 396 639 novi
427 589 598 659 promotos
628 600 699 643 esse
729 581 762 642 in
790 580 928 645 ecclesia
954 581 1011 663 qui
1041 582 1157 659 sciunt,
1180 589 1327 663 possunt,
1352 589 1385 643 et
1412 577 1528 642 volunt
1557 576 1671 641 debito

322 698 422 760 modo
444 699 617 762 animabus
644 700 811 782 prodesse,
835 703 894 764 sed
921 702 977 784 qui
999 701 1107 765 verbis
1131 701 1227 765 malis
1246 711 1281 765 et
1304 699 1467 782 exemplis
1490 698 1610 763 scirent
1636 719 1672 760 se

322 817 411 900 ipsos
433 820 607 884 animabus
630 821 771 884 multum
795 843 921 900 nocere,
941 823 1128 886 omittendo
1148 823 1237 887 bona
1259 842 1359 904 opera
1382 821 1504 898 debita,
1525 829 1559 883 et
1581 839 1672 883 com-

322 938 422 1001 missa
449 939 537 1004 mala
558 941 699 1024 plurima
725 941 840 1020 facere,
865 943 921 1024 qui
949 963 1015 1005 non
1040 943 1156 1006 volunt
1179 943 1292 1006 audire
1313 942 1477 1019 veritates,
1500 950 1534 1004 et
1554 927 1672 1016 tacere,

322 1058 341 1122 i.
358 1081 386 1122 e.
411 1059 475 1123 illis
497 1062 673 1126 virtutibus
696 1063 831 1126 obedire
853 1073 887 1126 et
910 1062 983 1125 illas
1004 1084 1104 1145 opere
1127 1063 1274 1146 implere.
1330 1061 1464 1127 Similes
1489 1069 1567 1124 sunt
1588 1059 1672 1124 tales

324 1179 460 1256 Herodi,
499 1182 600 1264 impio
639 1184 716 1264 regi,
747 1185 809 1266 qui·
843 1183 996 1247 Matthaei
1024 1183 1069 1264 ij⁰‚
1100 1184 1270 1266 quaerebat
1307 1203 1445 1265 puerum
1478 1182 1592 1264 Jesum
1629 1179 1672 1243 ad

321 1303 527 1383 perdendum
551 1324 639 1379 eum,
654 1315 688 1367 et
708 1306 751 1368 ad
775 1305 993 1368 occidendum
1012 1326 1107 1382 eum;
1131 1307 1178 1368 sic
1198 1305 1283 1370 tales
1304 1305 1449 1386 episcopi
1469 1313 1503 1367 et
1519 1302 1672 1385 promoti,

322 1431 356 1485 et
383 1423 416 1485 in
443 1444 545 1506 regno
572 1428 683 1508 magni
711 1427 836 1489 domini
864 1437 898 1490 et
927 1425 1072 1489 officiarii
1103 1435 1255 1508 quaerunt
1286 1426 1461 1507 magistros
1491 1423 1674 1506 prurientes

321 1544 464 1620 auribus,
490 1546 510 1607 i.
529 1566 556 1609 e.
582 1567 695 1610 eorum
722 1547 817 1610 sactis
842 1558 876 1611 et
899 1548 1008 1610 verbis
1030 1546 1199 1624 laventes3
1228 1557 1261 1610 et
1286 1546 1370 1610 tales
1393 1545 1497 1609 eciam
1521 1553 1673 1627 quaerunt

322 1665 435 1728 audire
464 1669 630 1743 veritates,
664 1679 697 1732 et
727 1670 880 1733 doctores
909 1689 986 1732 vera
1024 1669 1171 1731 dicentes
1201 1677 1235 1730 et
1264 1668 1491 1750 praedicantes,
1522 1673 1555 1728 et
1585 1663 1675 1728 dicta

322 1805 434 1848 eorum
459 1808 546 1866 vera,
573 1798 607 1851 et
632 1799 836 1870 argumenta,
859 1789 950 1852 lalsis
976 1789 1072 1852 dictis
1099 1799 1132 1851 et
1159 1788 1362 1870 argumentis
1388 1785 1560 1850 carnaliter
1584 1805 1697 1877 com-y

323 1907 451 1983 mentis,
473 1929 548 1990 quae
571 1930 647 1973 caro
671 1921 704 1973 et
729 1911 863 1993 sanguis
886 1911 933 1973 eis
958 1908 1123 1987 revelavit,
1147 1907 1388 1990 reprehendant
1414 1917 1448 1970 et
1472 1905 1674 1988 improbent,

323 2037 357 2090 et
380 2029 469 2108 quod
490 2027 566 2093 licet
590 2032 646 2105 eis,
664 2030 790 2094 licitum
811 2032 854 2094 ab
874 2031 946 2094 aliis
969 2038 1111 2112 putetur,
1126 2039 1160 2093 et
1183 2039 1334 2111 quaerunt
1353 2027 1526 2091 veritatem
1549 2026 1673 2100 audire,

322 2147 365 2209 ad
388 2149 594 2229 perdendum
615 2161 649 2214 et
670 2152 712 2214 ad
737 2152 992 2234 improbandum
1011 2151 1112 2214 illam.
1157 2150 1244 2214 Novi
1263 2149 1351 2212 enim
1371 2150 1590 2213 communiter
1609 2147 1676 2209 usi-

322 2277 429 2330 tatum
454 2269 487 2332 in
503 2269 639 2353 Anglia,
660 2282 812 2354 tempore
829 2272 973 2348 Henrici,
991 2272 1082 2354 quod
1106 2271 1217 2352 magni
1241 2271 1369 2348 divites,
1387 2289 1556 2351 nunquam
1578 2267 1675 2331 electi

322 2389 365 2450 ad
391 2389 589 2471 dignitatem
615 2393 647 2455 in
675 2393 825 2470 ecclesia,
843 2394 1057 2476 optinuerunt
1077 2412 1098 2455 a
1117 2411 1195 2473 rege
1219 2392 1261 2455 ad
1282 2390 1523 2473 acceptandum
1545 2409 1566 2452 a
1585 2408 1675 2471 papa

324 2507 486 2589 Roman0,
513 2513 540 2574 si
566 2533 640 2576 eam
666 2523 803 2596 possent
829 2535 849 2576 a
875 2535 962 2596 papa
992 2513 1173 2595 adquirere,
1199 2513 1421 2595 provisionem
1448 2509 1604 2593 papalem
1630 2508 1674 2572 ad

323 2648 555 2714 quamcunque
577 2634 783 2714 dignitatem,
807 2643 842 2698 et
867 2635 914 2697 sic
941 2654 1000 2716 per
1024 2634 1181 2716 pecunias
1204 2633 1326 2696 multas
1349 2632 1468 2695 Romae
1491 2631 1616 2705 missas,
1641 2639 1677 2694 et

324 2769 384 2831 per
397 2752 599 2832 provisiones
614 2774 722 2836 papae‚
737 2755 907 2818 licenciam
924 2752 996 2839 (sic)
1013 2755 1099 2836 regis
1118 2754 1263 2836 Angliae,
1281 2753 1417 2816 Henrici
1431 2749 1494 2834 vil,
1509 2760 1674 2834 optentas‚

324 2869 458 2935 luerunt
487 2873 652 2957 episcopi3
690 2884 725 2939 et
754 2876 809 2939 alii
845 2876 930 2940 tales
965 2875 1013 2938 sic
1049 2874 1180 2938 suerunt
1213 2875 1329 2938 decani
1364 2875 1397 2937 in
1431 2871 1678 2938 cathedralibus

323 2990 477 3069 ecclesiis,
514 2994 600 3057 sicut
637 2993 699 3058 luit
732 2997 890 3079 magister
923 2996 1085 3060 Ricardus
1118 2995 1274 3069 Andrew,
1313 2995 1430 3059 doctor
1466 2992 1581 3068 civilis,
1618 2991 1675 3074 qui

324 3111 379 3189 sic,
400 3123 539 3194 optenta
568 3116 753 3197 provisione
783 3137 879 3198 papae
906 3116 1059 3180 Nicholai
1090 3117 1198 3199 quinti
1227 3117 1269 3179 ad
1299 3116 1497 3179 decanatum
1527 3112 1677 3178 ecclesiae

323 3231 521 3296 cathedralis
546 3234 697 3309 Eboraci,
723 3238 844 3300 cassari
868 3237 946 3301 lecit
971 3257 1031 3319 per
1059 3257 1183 3319 papam
1213 3236 1411 3299 eleccionem
1441 3235 1567 3299 domini
1591 3233 1678 3296 Wil-

324 3352 415 3416 lelmi
438 3354 682 3436 Bernyngham,
705 3355 801 3420 electi
830 3359 864 3419 in
886 3357 978 3420 illum
1009 3359 1217 3435 decanatum,
1240 3365 1275 3420 et
1310 3356 1473 3421 canonicis
1503 3355 1550 3418 illi
1579 3355 1677 3418 resis-

324 3474 478 3553 tentibus,
500 3496 541 3539 ne
562 3477 784 3560 provisionem
807 3499 902 3542 suam
922 3500 982 3562 per
1004 3499 1125 3562 papam
1148 3479 1337 3541 Romanum
1360 3476 1512 3558 impleret
1535 3497 1596 3542 nec
1615 3499 1679 3542 ex·

324 3605 522 3676 sequeretur,
544 3596 621 3661 fecit
645 3599 933 3675 excommunicari,
950 3608 983 3662 et
1006 3599 1178 3663 ecclesiam
1201 3597 1424 3662 cathedralem
1449 3596 1564 3662 Sancti
1586 3599 1676 3663 Petri

325 3714 474 3778 Eborum
495 3737 554 3799 per
571 3739 693 3802 papam
710 3720 754 3783 ob
774 3719 927 3782 omnibus
948 3719 1076 3783 actibus
1098 3719 1217 3783 divinis
1238 3718 1465 3782 ecclesiasticis
1485 3739 1545 3801 per
1565 3718 1678 3802 plures

325 3835 528 3917 septimanas
554 3840 730 3921 suspendi;
756 3849 791 3903 et
814 3841 859 3903 sic
882 3839 1006 3903 lactum
1029 3838 1099 3918 suit,
1122 3849 1156 3903 et
1178 3839 1250 3922 ipse
1275 3839 1437 3902 Ricardus
1460 3839 1507 3903 sic
1530 3840 1675 3904 intrusus

325 3953 387 4018 luit
409 3955 443 4018 in
465 3956 558 4020 illum
580 3960 799 4037 decanatum3
827 3969 861 4023 et
885 3959 983 4022 simul
1004 3980 1080 4023 cum
1102 3959 1165 4024 hoc
1188 3959 1304 4022 habuit
1326 3959 1524 4023 decanatum
1546 3960 1675 4042 collegii

326 4067 549 4158 Laycesteriae
578 4079 670 4143 ducis
697 4080 908 4158 Lancastriae‚
931 4090 965 4144 et
991 4100 1066 4144 cum
1093 4079 1156 4144 illis
1181 4080 1309 4144 duabus
1336 4079 1551 4144 decanatibus
1577 4081 1675 4144 simul

326 4195 460 4260 retinuit
490 4197 593 4263 multa
622 4199 783 4264 beneficia
813 4222 872 4284 per
900 4220 1004 4264 annos
1035 4199 1166 4282 plures:
1204 4201 1247 4264 ad
1278 4199 1411 4264 laudem
1442 4201 1505 4264 Dei
1537 4202 1676 4284 pecunia

973 4317 1027 4368 Cc
