4338 4936
482 384 523 469 38
858 391 957 448 LOCI
983 392 1012 445 E
1041 391 1166 448 LIBRO
1201 392 1459 448 VERITATUM.

480 629 541 672 nec
560 627 715 690 vespera,
732 617 766 670 et
789 607 832 669 in
846 607 908 670 ista
931 607 1176 690 perturbatione
1200 607 1331 690 reliquit
1354 609 1520 691 predictus
1535 607 1704 691 Johannes
1724 607 1838 692 Kemp

479 749 575 792 suam
602 728 773 792 ecclesiam
802 727 1057 806 Eboracensem,
1077 748 1181 809 quum
1214 727 1277 793 luit
1306 728 1412 792 lactus
1438 729 1612 813 episcopus
1640 727 1837 804 Cantuariae,

479 859 514 912 et
536 848 633 913 simul
654 868 730 914 curn
758 847 821 912 hoc
843 848 1019 912 cardinalis
1042 850 1216 932 episcopus
1238 850 1283 912 de
1306 850 1424 927 Roma,
1446 859 1480 912 et
1502 859 1573 913 tum
1603 849 1746 913 Romam
1771 869 1837 914 non

477 970 539 1034 ivit
562 989 622 1032 nec
643 969 778 1050 quando
800 968 862 1032 suit
883 968 1148 1052 archiepiscopus
1171 969 1391 1034 Eboracensis
1414 980 1448 1034 et
1468 970 1641 1035 cardinalis
1664 970 1837 1051 presbiter,

480 1109 540 1153 nec
568 1109 642 1154 cum
672 1087 734 1152 fuit
763 1088 1028 1172 archiepiscopus
1056 1088 1304 1154 Cantuariensis
1329 1099 1363 1154 et
1393 1090 1567 1154 cardinalis
1597 1092 1779 1172 episcopus,
1802 1099 1838 1154 et

477 1209 585 1276 malos
608 1220 642 1274 et
664 1218 841 1274 extraneos
861 1221 896 1274 et
916 1220 1106 1275 curtesanos
1122 1210 1295 1274 Romanos
1312 1211 1456 1293 providit
1474 1222 1509 1274 et
1529 1211 1629 1293 elegit
1650 1211 1680 1273 in
1699 1231 1836 1294 magnas

478 1331 658 1414 dignitates
680 1351 749 1393 suae
773 1329 920 1394 ecclesiae
945 1330 1162 1395 Eboracensis
1186 1331 1276 1394 etin
1300 1341 1441 1395 rectores
1464 1351 1532 1394 suae
1555 1332 1704 1395 diocesis.

565 1460 598 1527 [p.
616 1458 685 1528 39¹]
732 1433 956 1514 Consimiliter
978 1451 1096 1515 diversi
1124 1451 1267 1534 episcopi
1291 1472 1381 1514 anno
1407 1449 1488 1528 1448
1513 1461 1547 1515 et
1573 1469 1655 1532 1449
1680 1451 1836 1516 favebant

472 1583 512 1637 et
541 1573 649 1636 verbis
679 1570 902 1635 defendebant
933 1572 1124 1655 episcopum
1156 1571 1393 1648 Assavensem‚
1420 1570 1598 1636 Wallicum
1629 1572 1762 1654 origine,
1790 1593 1835 1637 sc.

479 1692 701 1775 Reginaldum
724 1691 834 1756 Pecok
857 1693 1000 1771 nomine,
1022 1693 1077 1776 qui
1105 1694 1212 1774 primo
1236 1693 1472 1774 praedicaverat
1497 1691 1680 1756 Londoniis
1703 1692 1835 1775 puplice

476 1815 519 1877 ad
537 1833 665 1878 crucem
683 1811 797 1878 Sancti
815 1812 906 1876 Pauli
922 1813 1068 1877 diversas
1085 1812 1247 1876 absurdas
1266 1812 1500 1890 conclusiones,
1516 1833 1655 1895 quarum
1676 1834 1743 1876 una
1763 1812 1834 1891 suit,

477 1943 514 1998 ut
540 1933 685 2016 episcopi
714 1953 778 1996 non
806 1941 961 1998 tenentur
986 1933 1173 2016 praedicare,
1199 1944 1233 1997 et
1255 1934 1345 2015 quod
1373 1933 1468 1997 electi
1495 1933 1529 1997 in
1553 1935 1754 2016 episcopum,
1776 1933 1835 2016 qui

474 2075 543 2121 non
569 2064 707 2138 possunt
730 2075 802 2118 esse
825 2054 971 2136 episcopi
997 2053 1058 2117 nisi
1083 2055 1173 2136 prius
1199 2053 1331 2119 solvunt
1356 2067 1420 2134 500
1442 2054 1494 2118 vel
1518 2053 1628 2136 plures
1651 2071 1833 2118 mercatum

474 2173 585 2240 Curiae
606 2175 778 2251 Romanae,
793 2195 859 2237 non
881 2175 1096 2238 committunt
1117 2185 1196 2238 tunc
1219 2175 1415 2257 symoniam,
1432 2193 1492 2238 nec
1508 2183 1647 2256 peccant
1669 2175 1701 2236 in
1720 2175 1834 2238 dando

475 2295 631 2378 pecunias
652 2294 726 2358 illas
743 2294 843 2377 Papae
866 2306 899 2359 et
917 2294 1025 2358 Curiae
1049 2295 1232 2369 Romanae3
1257 2305 1291 2358 et
1313 2295 1458 2378 episcopi
1482 2295 1601 2358 diversi
1624 2295 1653 2358 ei
1676 2294 1833 2358 favebant

474 2425 509 2480 et
534 2417 680 2479 unanimi
708 2435 870 2479 consensu
898 2416 926 2478 ei
954 2415 1163 2492 assistebant,
1187 2416 1275 2478 idem
1303 2415 1513 2488 affirmantes,
1539 2417 1597 2478 sed
1623 2413 1722 2478 nichil
1744 2414 1834 2496 lege-

474 2537 557 2600 bant
587 2556 645 2598 nec
672 2535 705 2598 in
733 2535 861 2618 scriptis
888 2556 948 2617 pro
975 2557 1017 2599 eo
1048 2535 1325 2614 determinabant,
1349 2535 1500 2617 quamvis
1529 2535 1648 2599 diversi
1679 2536 1831 2599 doctores

473 2655 606 2738 puplice
628 2664 743 2720 contra
763 2655 904 2719 eundem
920 2656 1111 2740 episcopum
1127 2655 1290 2720 contraria
1311 2656 1473 2739 episcopis
1493 2655 1644 2738 legerunt
1665 2664 1699 2718 et
1722 2655 1832 2719 deter-

473 2777 680 2840 minavenrnt
710 2775 901 2852 Londoniis,
932 2787 966 2841 et
993 2777 1025 2840 in
1056 2776 1268 2840 universitate
1306 2775 1540 2858 Cantabrigiae,
1571 2775 1708 2840 Oxonia
1737 2785 1828 2838 metu

472 2895 693 2980 displicenciae
709 2897 937 2981 episcoporum
954 2906 1094 2961 tacente.
1127 2895 1195 2960 Sed
1212 2896 1279 2960 duo
1294 2895 1410 2972 clen'ci,
1427 2897 1483 2978 qui
1499 2916 1560 2978 pro
1574 2906 1668 2979 parte
1683 2896 1829 2978 episcopi

471 3015 681 3082 Assavensis·
695 3016 936 3096 laboraverunt,
959 3018 1150 3081 deiecerunt
1171 3026 1356 3081 scrutantes
1376 3017 1540 3094 semtinio,
1562 3017 1640 3100 quia
1664 3017 1829 3080 intentum

471 3157 568 3202 suurn
592 3137 739 3201 invenire
759 3159 819 3202 nec
841 3139 982 3220 probare
1005 3139 1220 3219 inscriptura
1243 3147 1420 3220 potuerunt
1443 3138 1501 3200 sed
1524 3137 1672 3218 absorpti
1696 3135 1829 3199 luerunt

468 3256 577 3340 juncti·
597 3267 709 3340 petrae,
730 3259 751 3322 i.
764 3279 793 3321 e.
810 3258 937 3323 confusi
960 3259 1091 3322 luerunt
1111 3279 1186 3322 cum
1210 3257 1298 3322 sacta
1320 3257 1381 3322 luit
1403 3257 1540 3321 collacio
1562 3258 1648 3320 inter
1670 3257 1772 3322 verba
1794 3265 1829 3322 et

469 3377 581 3461 glosas
603 3378 733 3442 illorum
757 3389 790 3442 et
813 3380 902 3443 dicta
924 3379 986 3443 Xti
1009 3389 1042 3444 et
1066 3389 1255 3444 sanctorum
1278 3388 1394 3442 contra
1416 3399 1531 3442 eorum
1554 3379 1728 3441 intentum.

557 3507 584 3574 [p
609 3507 678 3576 394]
723 3498 827 3562 Anno
850 3501 986 3563 Domini
1012 3519 1093 3582 1449
1115 3510 1148 3563 et
1168 3501 1272 3563 eciam
1295 3509 1402 3576 antea,
1426 3498 1600 3580 episcopus
1615 3497 1827 3572 Assavensis,

471 3617 676 3700 Reginaldus
700 3619 818 3692 Pecolr‚
850 3621 905 3703 qui
945 3631 1061 3704 postea
1093 3621 1155 3684 fuit
1192 3620 1367 3702 episcopus
1400 3617 1621 3694 Cicestrensis‚
1652 3618 1759 3682 tenuit
1793 3627 1828 3682 et

470 3739 602 3822 puplice
628 3739 820 3822 praedicavit
845 3742 935 3822 quod
963 3742 1073 3804 nullus
1099 3741 1274 3824 episcopus
1303 3741 1337 3803 in
1363 3738 1426 3802 hoc
1453 3741 1543 3822 quod
1572 3748 1623 3802 est
1652 3738 1826 3820 episcopus

471 3869 603 3923 tenetur
626 3861 813 3942 praedicare,
839 3872 872 3926 et
895 3861 962 3925 sere
985 3881 1100 3925 omnes
1125 3862 1279 3925 doctores
1300 3859 1443 3942 Angliae,
1466 3870 1546 3924 tunc
1573 3881 1607 3923 re
1631 3869 1664 3923 et
1692 3858 1825 3922 nomine

471 3978 598 4056 famosi,
621 3992 736 4044 contra
763 4001 838 4044 eum
864 3983 1020 4046 dixerunt
1047 3993 1081 4046 et
1105 3982 1304 4063 scripserunt
1334 3990 1447 4044 contra
1476 3979 1548 4060 ejus
1578 3979 1694 4042 salsam
1720 3999 1824 4042 assera

470 4100 609 4163 cionem.
654 4101 741 4164 Turn
762 4101 907 4166 Oxoniae
927 4103 959 4166 in
981 4102 1078 4166 scolis
1099 4102 1239 4184 puplicis
1259 4123 1318 4184 per
1338 4102 1423 4164 duos
1445 4121 1549 4164 annos
1573 4120 1689 4181 parum
1711 4109 1826 4162 contra

471 4241 546 4284 eum
586 4221 706 4284 lectum
746 4223 797 4285 vel
836 4225 1039 4304 disputatum
1079 4223 1148 4298 fuit,
1181 4233 1214 4286 et
1250 4242 1381 4286 causant
1421 4231 1538 4302 reputo
1576 4220 1674 4282 luisse
1712 4218 1825 4282 delen-
