4338 4936
494 409 538 469 44
872 398 971 455 LOCI
997 397 1026 452 E
1054 399 1178 454 LIBRO
1213 398 1470 456 VERITATUM.

497 613 634 678 ecclesia
657 612 770 678 Sancti
797 613 932 677 Martini
963 613 996 676 in
1019 613 1211 695 Quadrivio,
1238 615 1327 695 quod
1354 614 1471 677 beatus
1497 611 1615 676 doctor
1636 610 1845 694 Augustinus

496 734 687 818 praedicavit
719 751 784 812 400
814 753 981 798 sermones
1010 733 1054 797 ad
1085 733 1206 797 clerum
1239 744 1273 798 et
1307 734 1349 797 ad
1381 733 1550 816 populum,
1579 732 1705 814 absque
1734 731 1846 813 aliquo

496 855 645 919 themate
675 865 709 920 et
738 855 865 936 absque
893 863 1008 918 textus
1031 856 1261 937 assumpcione
1290 855 1323 918 in
1354 855 1514 936 principio
1541 852 1700 916 sermonis
1726 851 1784 928 sui,
1811 861 1845 914 et

496 977 543 1041 sic
562 997 624 1060 ego
642 975 817 1058 praedicavi
836 973 891 1037 die
911 986 945 1038 et
968 994 1055 1038 anno
1078 975 1243 1057 praedictis
1265 975 1299 1038 in
1324 973 1459 1039 Oxonia
1474 973 1600 1037 nullum
1623 973 1738 1036 thema
1759 973 1845 1036 acci·

496 1095 627 1178 piendo,
652 1115 712 1159 nec
734 1103 866 1158 textum
893 1095 936 1158 ad
962 1096 1178 1177 repetendum
1201 1095 1253 1158 vel
1281 1096 1323 1158 ad
1352 1093 1613 1159 concludendum
1636 1093 1844 1169 assumendo,

496 1216 554 1280 sed
572 1215 725 1280 materias
741 1214 847 1288 utiles,
866 1224 903 1278 ut
919 1215 1051 1292 credidi,
1061 1214 1185 1298 populo
1202 1215 1381 1279 ministravi
1404 1225 1491 1293 tunc,
1507 1225 1540 1278 et
1555 1213 1717 1278 declaravi
1739 1213 1772 1276 in
1788 1212 1845 1276 illo

496 1356 647 1400 sermone
665 1356 739 1399 meo
755 1335 898 1400 Oxoniae
914 1335 1039 1418 absque
1054 1357 1251 1418 quocunque
1273 1335 1422 1400 themate
1445 1345 1478 1400 et
1500 1334 1626 1416 absque
1647 1334 1844 1415 repeticione

496 1456 633 1538 alicujus
657 1465 780 1533 textus,
801 1455 860 1519 sed
886 1464 1000 1519 textus
1024 1457 1067 1519 ad
1091 1457 1244 1520 materias
1269 1457 1455 1539 propositas
1477 1457 1679 1539 pertinentes
1705 1455 1844 1537 exposui

496 1586 531 1640 et
546 1575 717 1640 declaravi.
755 1576 879 1640 Modus
893 1577 981 1640 enim
997 1577 1196 1658 praedicandi
1212 1597 1271 1660 per
1285 1577 1460 1641 divisiones
1476 1586 1509 1640 et
1525 1597 1584 1659 per
1595 1575 1708 1640 thema
1723 1575 1846 1658 incepit

496 1698 581 1761 circa
608 1715 731 1759 annum
757 1697 892 1760 Domini
919 1695 1129 1760 millesimum
1157 1707 1191 1761 et
1216 1697 1283 1761 sere
1309 1697 1580 1773 ducentesimum,
1604 1706 1642 1760 ut
1668 1705 1761 1778 patet
1787 1715 1847 1778 per

496 1827 647 1881 auctores
670 1815 786 1880 talium
810 1836 1006 1880 sermonum.

584 1935 790 2019 Reginaldus
821 1936 939 2015 Pecok,
969 1939 1025 2019 qui
1056 1939 1246 2020 praedicavit
1272 1939 1456 2003 Londoniis
1483 1937 1572 2021 quod
1603 1936 1747 2020 episcopi
1779 1957 1845 2000 non

495 2066 652 2122 tenentur
686 2058 872 2139 praedicare,
903 2067 941 2122 ut
978 2059 1041 2122 iste
1076 2062 1236 2124 terminus
1273 2061 1451 2143 praedicare
1484 2060 1643 2141 accipitur
1678 2059 1711 2121 in
1748 2079 1845 2122 sensu

497 2178 634 2256 famoso,
649 2187 766 2260 postea
785 2179 881 2255 dixit,
898 2188 936 2242 ut
955 2189 1105 2244 asserunt
1127 2182 1185 2258 sui,
1206 2181 1296 2264 quod
1317 2182 1462 2264 episcopi
1485 2189 1638 2244 tenentur
1660 2181 1846 2263 praedicare,

497 2299 556 2363 sed
588 2320 656 2362 non
688 2299 744 2362 illo
779 2300 879 2363 modo
913 2321 978 2382 quo
1011 2302 1158 2366 moderni
1193 2304 1383 2384 pradicant,
1415 2323 1459 2366 sc.
1482 2303 1644 2366 sumendo
1668 2301 1781 2365 thema
1811 2308 1847 2364 et

496 2420 684 2484 inducendo
699 2420 876 2484 divisiones
893 2421 1049 2487 thematis
1064 2425 1234 2507 assumpti,
1244 2445 1310 2507 quo
1328 2445 1448 2509 genere
1463 2423 1710 2506 predicacionis
1725 2424 1847 2486 scimus

497 2541 648 2605 homines
671 2563 737 2606 non
760 2541 907 2626 obligari.
952 2543 1014 2608 Ille
1036 2545 1124 2608 enim
1149 2547 1325 2609 modernus
1349 2546 1467 2609 modus
1489 2545 1690 2628 praedicandi
1714 2544 1850 2608 intravit

497 2673 674 2745 postquam
689 2663 821 2728 ordines
836 2663 972 2729 fratrum
993 2665 1163 2730 ecclesiam
1186 2667 1397 2745 intraverunt,
1412 2667 1470 2730 sed
1492 2666 1671 2749 praedicare
1693 2664 1849 2728 materias

498 2793 685 2866 assumptas
714 2785 923 2866 declarando,
950 2795 984 2850 et
1009 2795 1142 2851 textum
1172 2789 1340 2870 scripturae
1366 2807 1468 2852 sacrae
1489 2788 1669 2851 secundum
1696 2785 1846 2849 ordinem

497 2913 613 2969 textus
641 2905 851 2989 postillando‚
878 2929 934 2972 seu
966 2909 1173 2992 exponendo,
1199 2908 1261 2973 suit
1290 2910 1408 2973 modus
1431 2907 1630 2991 praedicandi
1656 2915 1846 2971 sanctorum

497 3036 638 3108 patrum,
660 3038 697 3092 ut
719 3038 813 3110 patet
835 3029 867 3091 in
891 3029 1097 3093 sermonibus
1118 3029 1231 3094 Sancti
1255 3029 1443 3112 Augustini,
1467 3040 1501 3093 et
1525 3029 1558 3092 in
1579 3027 1708 3092 omeliis
1731 3027 1845 3092 Sancti

497 3145 677 3229 Augustini
693 3169 791 3232 supra
801 3147 997 3230 Johannem‚
1014 3149 1062 3214 i.e.
1079 3149 1113 3212 in
1129 3150 1334 3213 sermonibus
1350 3149 1421 3231 ejus
1435 3149 1478 3213 ad
1495 3148 1663 3232 populum,
1677 3149 1710 3212 in
1726 3149 1846 3230 quibus

497 3270 637 3352 exponit
651 3279 783 3334 textum
796 3270 954 3354 evangelii
965 3271 1102 3335 diversis
1113 3270 1229 3335 diebus
1240 3270 1325 3349 lecti,
1337 3280 1371 3334 et
1384 3272 1472 3335 idem
1484 3279 1577 3354 patet
1592 3269 1625 3333 in
1641 3269 1847 3334 sermonibus

496 3389 602 3454 sancti
624 3391 768 3455 doctoris
792 3391 959 3457 Bernardi.
1004 3392 1050 3456 Et
1068 3393 1184 3457 doctor
1202 3392 1389 3456 Willelmus
1408 3391 1608 3475 Milyngton,
1628 3391 1847 3455 Eboracensis

497 3509 644 3590 diocesis,
660 3513 703 3576 de
727 3511 825 3576 Clara
839 3511 930 3578 Aula
946 3512 1178 3597 cantabrigiae,
1200 3515 1287 3582 dixit
1309 3522 1431 3598 aperte,
1447 3513 1480 3577 in
1503 3533 1653 3577 sermone
1674 3533 1735 3576 suo
1756 3512 1845 3594 apud

497 3651 625 3697 crucem
656 3632 769 3698 Sancti
800 3634 892 3699 Pauli
919 3634 1086 3718 Apostoli,
1113 3636 1179 3700 cito
1208 3645 1285 3718 post
1309 3656 1495 3699 sermonem
1525 3633 1673 3718 praedicti
1701 3631 1846 3716 episcopi

498 3753 695 3837 Reginaldi:
717 3754 810 3820 ‘Sub
836 3777 937 3838 poena
960 3757 1078 3839 capitis
1104 3759 1168 3820 mei
1198 3758 1393 3840 manucapio
1423 3757 1513 3840 quod
1547 3775 1685 3838 regnum
1711 3751 1848 3836 Angliae

497 3895 563 3938 non
579 3875 823 3958 prosperabitur
837 3897 1010 3959 quousque
1025 3876 1172 3940 faventes
1187 3877 1344 3960 predictae
1362 3876 1562 3941 conclusioni
1583 3875 1727 3958 episcopi
1744 3873 1847 3955 Regi·

498 3995 588 4060 naldi
610 3993 965 4080 dignecorrigantur3’
986 4006 1020 4060 et
1041 3997 1106 4061 hoc
1128 4006 1178 4062 est
1202 3999 1364 4063 creditum
1387 4018 1408 4060 a
1434 3997 1547 4060 multis
1571 3996 1667 4060 bonis
1688 3994 1847 4079 personis.

496 4115 711 4200 Temporales
725 4118 785 4182 viri
801 4127 835 4182 et
850 4117 975 4182 domini
992 4118 1148 4183 dixerunt
1162 4119 1206 4183 de
1221 4118 1285 4182 isto
1299 4118 1455 4201 episcopo
1472 4117 1604 4181 Pecok:
1629 4123 1636 4151 ‘
1652 4117 1739 4192 Heu,
1755 4115 1846 4199 quod

496 4258 556 4302 nos
589 4258 706 4302 sumus
743 4239 879 4322 obligati
911 4259 968 4322 per
999 4241 1133 4304 Domini
1163 4249 1365 4324 praeceptum
1397 4240 1439 4304 ad
1471 4239 1658 4304 docendum
1688 4237 1846 4302 familiam
