4378 4936
467 391 529 475 136
842 395 940 450 LOCI
966 393 995 447 E
1023 393 1147 448 LIBRO
1183 391 1442 447 VERITATUM.

555 621 595 690 [ρ.
609 619 661 688 ²7]
695 609 906 674 Praecedente
926 618 1016 673 recto
1034 607 1158 690 judicio
1175 605 1283 690 Papae,
1298 606 1355 690 qui
1373 605 1537 688 judicaret
1557 625 1600 668 an
1621 605 1664 670 sit
1686 625 1819 688 aequum

469 744 504 800 et
529 734 657 818 justum
681 753 793 798 coram
817 733 900 807 Deo,
931 752 973 794 an
1003 750 1079 808 non,
1101 739 1135 793 et
1165 739 1237 793 tum
1264 728 1311 793 sic
1336 727 1467 806 habere,
1493 728 1577 792 sicut
1603 747 1708 811 nuper
1738 746 1821 788 unus

470 852 660 938 episcopusl
683 852 886 917 Turonensis
911 850 1027 914 habuit
1050 851 1083 913 in
1111 849 1250 913 Francia
1271 858 1305 914 et
1327 849 1361 912 in
1383 847 1509 932 Anglia
1531 846 1629 934 (duos
1652 847 1822 931 episcopa-

470 973 550 1061 tus).
596 972 820 1057 Dampnabile
842 980 902 1047 est,
926 971 1004 1053 quia
1026 971 1060 1034 in
1083 991 1206 1053 magna
1227 970 1429 1034 detrimenta
1450 969 1622 1053 utriusque
1644 969 1822 1042 dioceseos,

472 1097 520 1161 ita
537 1096 629 1179 quod
647 1095 680 1158 in
703 1115 770 1158 una
790 1093 913 1158 diocesi
933 1092 1044 1176 plures
1065 1091 1290 1156 moriebantur
1309 1091 1380 1155 sine
1397 1091 1619 1167 sacramentis,
1634 1099 1668 1154 et
1685 1089 1759 1152 aliis
1777 1089 1824 1152 eis

472 1215 672 1291 necessariis,
698 1225 732 1279 et
756 1224 828 1278 tum
852 1213 907 1278 ille
931 1215 1113 1296 episcopus
1141 1232 1262 1276 vacans
1287 1211 1431 1277 consiliis
1453 1221 1654 1276 armatorum
1679 1212 1712 1274 in
1735 1209 1825 1275 bello

473 1348 589 1402 contra
617 1335 830 1414 Christianos,
853 1334 977 1398 fructus
1002 1333 1175 1397 annuatim
1202 1333 1327 1415 recepit
1353 1333 1522 1417 utriusque
1551 1333 1769 1416 episcopatus,
1791 1341 1825 1395 et

474 1467 588 1522 tamen
609 1476 772 1539 nusquam
794 1455 854 1520 luit
881 1457 913 1518 in
937 1474 997 1518 sua
1017 1454 1151 1536 dyocesi
1175 1455 1208 1517 in
1226 1453 1360 1537 Anglia,
1381 1454 1538 1537 quamdiu
1560 1454 1654 1532 vixit,
1675 1452 1826 1537 quamvis

474 1579 509 1642 in
528 1577 654 1659 Anglia
677 1577 820 1640 moriens
843 1575 876 1639 in
899 1574 1037 1639 ecclesia
1058 1595 1117 1638 sua
1138 1574 1287 1638 Heliensi
1310 1575 1459 1657 sepultus
1481 1575 1552 1639 suit.

564 1697 658 1762 Sicut
680 1697 755 1762 novi
783 1696 953 1760 hominem
976 1716 1078 1759 unum
1100 1696 1229 1760 fatuum
1252 1695 1434 1760 naturalem
1456 1695 1637 1760 habentem
1656 1695 1703 1778 xij
1726 1695 1828 1759 bene·

476 1819 559 1894 ficia,
575 1828 610 1882 et
629 1816 855 1899 multipliciter
869 1826 1009 1899 pereunt
1024 1817 1073 1879 sui
1094 1816 1217 1881 subditi
1234 1837 1278 1879 ex
1299 1816 1355 1879 illa
1373 1817 1518 1880 licencia.
1562 1817 1649 1880 Vide
1666 1816 1828 1880 Sanctum

477 1939 681 2004 Bernardum
711 1938 754 2001 ad
779 1936 967 2019 Eugenium
997 1957 1129 2019 papam,
1156 1957 1201 2001 an
1230 1937 1336 2016 liceat,
1363 1958 1406 2001 an
1437 1938 1563 2016 deceat,
1592 1958 1635 2001 an
1662 1937 1829 2020 expediat,

478 2061 567 2144 quod
590 2068 687 2142 optas
710 2056 780 2122 fieri
802 2078 861 2140 per
883 2057 1060 2135 licentiam,
1083 2077 1182 2140 quam
1206 2067 1308 2141 patet.

566 2189 604 2256 [p.
626 2187 682 2254 30.]
737 2186 862 2254 Inepta
892 2184 1022 2241 laetitia·
1076 2176 1176 2260 Quod
1211 2178 1398 2242 inordinata
1431 2179 1568 2244 tristicia
1602 2191 1637 2246 et
1671 2181 1830 2264 gaudium

481 2301 620 2366 modum
648 2301 815 2364 excedens
844 2308 1021 2382 operantur
1050 2299 1085 2361 in
1113 2300 1278 2382 prasenti,
1305 2309 1413 2364 metus
1442 2311 1501 2365 aut
1530 2322 1607 2384 spes
1635 2301 1759 2368 faciunt
1788 2303 1832 2367 de

482 2424 603 2501 futuro,
621 2422 700 2486 dum
722 2422 861 2484 adversa
888 2419 963 2502 plus
985 2439 1087 2502 quam
1111 2422 1208 2484 decet
1232 2421 1389 2484 timemus
1413 2443 1486 2486 esse
1508 2433 1654 2498 ventura,
1675 2433 1736 2489 aut
1756 2445 1834 2507 pro·

481 2565 577 2628 spera
606 2562 682 2625 quae
711 2561 882 2624 speramus
906 2543 939 2604 in
966 2549 1097 2606 tantum
1128 2561 1188 2605 nos
1217 2541 1295 2606 iacit
1324 2543 1475 2608 exultare
1505 2554 1542 2608 ut
1571 2565 1637 2609 non
1660 2553 1833 2610 teneamus

483 2665 631 2730 modurn.
692 2663 766 2726 Has
799 2663 1072 2743 perturbationes,
1103 2683 1170 2727 uno
1202 2674 1238 2728 et
1270 2684 1337 2728 non
1373 2664 1473 2748 pleno
1502 2666 1670 2745 versiculo,
1701 2665 1836 2730 illustris

483 2797 592 2871 poeta,
613 2783 737 2848 scilicet
759 2783 926 2865 Virgilius,
947 2785 995 2847 vi⁰
1018 2784 1178 2868 Enoydes
1201 2785 1409 2868 comprendit
1421 2812 1475 2850 :-

730 2919 816 2969 ·Hinc
832 2925 945 2968 metuunt
963 2920 1121 2984 cupiuntque,
1139 2920 1224 2970 dolent
1241 2922 1405 2987 gaudentque,
1422 2939 1501 2988 neque
1518 2939 1590 2973 auras

746 3017 899 3083 Respiciunt,
915 3019 994 3068 clausi
1011 3019 1116 3068 tenebris
1132 3027 1157 3070 et
1174 3036 1271 3072 carcere
1288 3021 1368 3072 caeco!

571 3149 607 3216 [p.
625 3147 678 3215 37·]
724 3145 888 3202 Luxuria.
942 3139 1030 3202 Novi
1055 3139 1087 3201 in
1112 3139 1318 3204 confessione
1342 3142 1494 3219 virorum,
1519 3163 1606 3207 auno
1632 3163 1725 3228 1443,
1746 3146 1835 3228 quod

484 3262 595 3345 plures
613 3261 681 3340 viri,
699 3281 759 3343 per
776 3269 888 3324 actum
907 3259 1121 3324 libidinosum
1144 3261 1293 3336 luxuriae,
1309 3263 1495 3328 habuerunt
1514 3266 1662 3329 membra
1685 3287 1744 3330 sua
1767 3288 1838 3331 cor·

486 3392 583 3466 rupta
609 3392 643 3446 et
671 3383 804 3465 penitus
833 3383 1010 3461 destructa,
1037 3403 1104 3445 non
1133 3381 1241 3446 solum
1271 3385 1399 3466 virgam
1424 3387 1482 3449 scd
1513 3387 1691 3469 genitalia3
1722 3389 1837 3453 etalii

486 3504 673 3570 habuerunt
703 3503 851 3568 membra
880 3524 941 3568 sua
969 3525 1029 3586 per
1058 3503 1225 3568 luxuriam
1255 3516 1408 3588 corrupta
1432 3507 1478 3571 ita
1509 3509 1597 3591 quod
1628 3509 1839 3591 cogebantur,

488 3635 624 3710 propter
649 3644 794 3708 poenam,
820 3633 920 3707 caput
943 3626 1044 3708 virgae
1066 3626 1267 3692 abscindere.
1321 3628 1418 3707 Item,
1443 3627 1545 3694 homo
1572 3631 1717 3696 Oxoniae
1744 3631 1839 3697 scho-

488 3746 573 3825 laris,
589 3745 744 3810 Morland
767 3746 908 3825 nomine,
924 3756 1073 3811 mortuus
1093 3747 1155 3812 suit
1175 3748 1319 3814 Oxoniae
1341 3771 1384 3814 ex
1401 3752 1608 3835 corruptione
1628 3763 1765 3818 causata
1782 3774 1841 3837 per

487 3878 600 3933 actum
622 3867 773 3932 luxuriae.

577 3997 617 4064 [p.
633 3997 688 4064 η]
733 3989 821 4052 Novi
849 3991 936 4053 enim
963 4011 1035 4073 ego,
1060 3991 1221 4074 Magister
1236 3992 1385 4058 Thomas
1408 3993 1603 4078 Gascoigne‚
1631 3995 1709 4060 licet
1733 3995 1840 4080 indig-

489 4129 552 4172 nus
577 4129 679 4174 sacrae
702 4108 895 4192 Theologiae
920 4112 1043 4190 doctor,
1066 4115 1122 4195 qui
1147 4113 1218 4178 haec
1242 4115 1356 4198 scripsi
1379 4125 1413 4180 et
1435 4117 1555 4200 colligi,
1576 4118 1723 4182 diversos
1744 4117 1839 4192 viros,

686 4244 694 4273 ¹
712 4245 789 4294 Louis
801 4245 832 4296 de
844 4246 1048 4312 Luxembourgh,
1060 4248 1224 4300 Archdeacon
1237 4250 1266 4300 ol
1275 4251 1378 4312 Rouen3
1398 4251 1456 4302 died
1466 4251 1523 4302 Od.
1536 4269 1559 4316 4,
1575 4265 1645 4317 1443.
