4378 4936
746 387 845 442 LOCI
871 385 899 440 E
929 385 1052 439 LIBRO
1087 385 1346 440 VERITATUM.
1683 395 1725 463 79

373 624 440 670 non
464 611 638 680 merentur,
661 610 697 664 ut
720 610 860 664 testatur
884 599 1027 664 Sanctus
1049 598 1197 662 Thomas
1220 599 1364 662 secunda
1391 599 1546 662 secundae
1572 600 1616 663 de
1642 621 1726 682 prae-

374 723 576 807 sumpcione.
617 721 796 786 Vivificant
829 721 957 786 animas
995 741 1070 803 quae
1105 739 1172 781 non
1202 720 1327 796 vivunt,
1356 719 1413 802 qui
1451 720 1566 784 dicunt
1598 722 1728 784 animas

374 845 482 910 vivere
508 844 593 907 bene
620 863 731 906 coram
760 842 844 919 Deo,
871 850 904 904 et
936 861 1008 904 esse
1034 860 1146 903 secure
1173 860 1283 903 coram
1312 841 1386 902 Deo
1411 840 1453 903 de
1477 840 1596 922 gracia,
1619 842 1726 916 venia,

375 975 408 1028 ct
438 963 550 1046 gloria,
581 971 615 1027 et
645 971 717 1025 tum
747 962 794 1026 sic
824 981 934 1024 coram
966 960 1041 1024 Deo
1070 960 1190 1022 animae
1221 959 1286 1023 illae
1316 980 1383 1022 non
1413 970 1499 1035 sunt,
1527 961 1611 1025 sicut
1640 962 1728 1026 dixit

375 1084 540 1148 Dominus
562 1081 773 1166 Apocalipsis
799 1081 858 1163 iij⁰‚
886 1081 1039 1144 ‘Nomen
1067 1079 1171 1144 habes
1197 1081 1287 1162 quod
1314 1081 1404 1158 viviS,
1432 1091 1465 1144 et
1496 1093 1644 1146 mortuus
1671 1079 1728 1145 es.’

376 1203 423 1269 Et
453 1203 499 1267 illi
529 1203 694 1267 vivificant
720 1201 885 1278 vocaliter,
912 1209 947 1264 et
973 1201 1005 1263 in
1031 1201 1141 1277 verbo,
1168 1202 1295 1264 animas
1321 1222 1397 1283 quae
1428 1223 1492 1265 non
1520 1203 1635 1266 vivunt
1660 1203 1729 1267 vita

375 1325 494 1410 graciae
513 1324 644 1388 realiter
666 1342 777 1386 coram
801 1322 885 1399 Deo,
904 1321 959 1404 qui
982 1321 1148 1384 affirmant
1171 1321 1223 1384 vel
1246 1323 1454 1386 sentenciant
1477 1323 1610 1404 aliquid,
1636 1323 1732 1405 cujus

376 1444 574 1510 contrarium
605 1443 696 1506 Deus
733 1442 924 1518 sentenciat,
955 1441 1074 1523 quibus
1111 1442 1190 1506 dicit
1227 1442 1398 1521 Dominus,
1429 1463 1489 1524 per
1527 1443 1729 1508 Malachiam

376 1564 583 1648 prophetam,
607 1563 825 1626 ‘Maledicam
847 1562 1135 1625 benediccionibus
1156 1559 1292 1636 vestris,’
1316 1563 1336 1625 i.
1348 1583 1375 1626 e.
1399 1563 1462 1626 illis
1489 1585 1572 1645 quos
1593 1585 1652 1627 vos
1679 1586 1729 1627 er-

377 1707 476 1750 ronee
499 1685 668 1748 absolutos
691 1684 807 1761 dicitis,
830 1693 865 1747 et
887 1683 950 1746 illis
977 1683 1080 1759 malis,
1104 1703 1187 1764 quos
1209 1683 1377 1746 adulando
1400 1683 1505 1746 bonos
1532 1705 1588 1748 eos
1611 1685 1728 1758 dicitis,

377 1817 411 1870 et
432 1806 607 1870 sentenciis
626 1805 743 1870 vestris
765 1804 998 1882 contradicam,
1015 1813 1051 1867 ut
1074 1813 1215 1867 testatur
1234 1803 1377 1868 Sanctus
1394 1804 1583 1885 Jeronimus
1606 1806 1729 1869 ibidem

378 1928 410 1990 in
435 1926 688 1992 Commentariis
711 1927 786 1989 suis.
832 1925 917 1989 Item
940 1924 1107 1988 vivificant
1132 1924 1217 1987 male
1243 1924 1378 2002 animas,
1401 1935 1435 1988 et
1458 1925 1547 2000 false,
1573 1927 1629 2008 qui
1653 1948 1730 2008 pec-

378 2058 454 2112 cata
487 2045 589 2111 deleri
625 2041 789 2134 [dicuntil
822 2044 982 2128 corporali
1019 2044 1207 2122 elemosina,
1243 2045 1313 2108 sine
1349 2066 1425 2110 vera
1463 2046 1673 2110 conversione
1709 2069 1730 2110 a

379 2177 515 2252 peccato
547 2168 590 2231 ad
620 2167 744 2230 bonum
777 2165 986 2229 contrarium.
1038 2161 1162 2242 ‘Date,’
1200 2165 1307 2246 inquit
1340 2166 1512 2243 Dominus,
1543 2165 1643 2230 Lucae
1668 2167 1730 2248 xj0,

381 2287 622 2365 ‘elemosinam
646 2295 679 2350 et
701 2285 812 2350 omnia
839 2286 963 2348 munda
985 2295 1061 2348 sunt
1083 2281 1195 2349 vobis.’
1241 2286 1317 2348 Non
1341 2285 1420 2349 dicit
1445 2286 1615 2363 Dominus,
1642 2287 1731 2356 Date

379 2428 611 2490 quamcunque
656 2405 880 2484 elemosinam,
917 2416 951 2468 et
997 2405 1108 2468 omnia
1151 2405 1274 2468 munda
1317 2405 1421 2483 vobis,
1458 2408 1517 2470 sed
1562 2409 1730 2488 quandam

380 2529 594 2592 elemosinam
617 2529 696 2591 dare
719 2527 875 2610 praecipit,
900 2547 965 2608 qua
989 2526 1190 2589 mundantur
1215 2537 1360 2609 peccata,
1383 2528 1515 2605 scilicet,
1537 2549 1612 2592 vere
1636 2529 1732 2592 mise·

380 2649 442 2712 reri
471 2647 591 2711 animae
621 2657 687 2712 tuae
718 2647 867 2730 propriae,
897 2646 1029 2729 culpam
1063 2656 1151 2710 recte
1180 2647 1358 2711 deserendo
1389 2659 1423 2711 ct
1453 2649 1529 2712 Deo
1558 2649 1734 2730 placendo.

382 2768 547 2831 Dominus
569 2768 665 2842 enim,
689 2767 790 2831 Lucae
806 2767 866 2850 xj0,
890 2766 1150 2849 reprehendebat
1172 2767 1296 2830 scribas
1319 2778 1351 2831 et
1375 2767 1555 2847 Phariseos,
1579 2778 1612 2832 et
1635 2770 1731 2844 dixit,

381 2910 432 2952 vae
463 2888 543 2952 illis!
581 2889 659 2972 quia
693 2888 873 2952 credebant
906 2908 942 2951 se
976 2887 1098 2951 habere
1131 2887 1261 2951 veniam
1294 2909 1314 2952 a
1346 2888 1420 2952 Deo
1454 2910 1513 2972 per
1545 2891 1733 2954 elimosinas

382 3009 578 3092 corporales,
600 3009 671 3072 sine
697 3009 910 3072 conversione
933 3030 953 3071 a
976 3008 1129 3090 peccatis,
1153 3019 1186 3072 et
1210 3009 1281 3072 sine
1304 3009 1377 3072 aliis
1403 3011 1557 3091 operibus
1580 3009 1731 3092 justiciae,

382 3149 523 3212 quorum
553 3128 720 3192 debitores
751 3139 844 3192 erant
868 3148 979 3192 coram
1003 3128 1089 3190 Deo.
1142 3128 1223 3192 Ideo
1254 3129 1342 3192 enim
1368 3129 1579 3194 decimabant
1608 3131 1733 3208 scribae,

383 3249 403 3314 i.
419 3271 448 3313 e.
480 3248 561 3332 legis
596 3249 752 3312 Mosaicae
786 3250 946 3326 doctores,
978 3257 1011 3311 et
1043 3247 1195 3326 Pharisei,
1226 3249 1246 3311 i.
1262 3271 1290 3312 e.
1323 3259 1485 3332 praetense
1518 3251 1577 3312 viri
1611 3253 1734 3315 strictae

384 3368 559 3452 religionis.
605 3369 696 3447 Ideo,
723 3369 807 3447 dico,
831 3368 1042 3432 decimabant
1065 3368 1179 3432 scribae
1207 3378 1241 3432 et
1267 3367 1411 3432 Pharisei
1435 3379 1591 3445 mentam,
1616 3380 1734 3446 rutam,

384 3499 417 3553 et
440 3489 606 3566 ciminum,
630 3489 730 3553 Lucae
753 3487 813 3569 xj0,
835 3498 871 3551 ut
894 3487 1083 3552 elimosinas
1106 3487 1293 3571 corporales
1317 3509 1377 3570 pro
1401 3489 1474 3552 Deo
1498 3499 1532 3552 et
1554 3511 1614 3571 pro
1639 3492 1735 3568 venia¹

383 3609 537 3674 habenda
563 3609 715 3686 facerent,
741 3618 910 3672 ettamen
935 3608 1027 3672 Deus
1053 3608 1141 3672 dixit
1165 3608 1221 3684 eis,
1249 3609 1331 3672 ‘Vae
1353 3608 1464 3673 vobis!
1495 3610 1551 3690 qui
1573 3610 1619 3674 sic
1647 3611 1735 3675 deci·

386 3727 503 3808 matis,'
532 3749 576 3794 sc.
600 3740 735 3812 propter
764 3729 960 3792 elemosinas
990 3728 1175 3811 corporales
1205 3728 1381 3807 iaciendas,
1408 3733 1461 3794 ‘et
1484 3729 1665 3811 relinquitis
1696 3753 1735 3794 ea

385 3869 461 3932 quae
486 3846 653 3931 graviora,’
676 3849 695 3912 i.
708 3870 736 3913 e.
752 3850 858 3932 magis
878 3849 1068 3926 necessaria,
1088 3855 1191 3926 ‘sunt
1210 3848 1291 3931 legis
1313 3849 1482 3931 judicium,
1505 3861 1538 3914 et
1563 3851 1735 3915 caritatem

386 3968 470 4032 Dei’
514 3968 614 4052 Quod
637 3968 757 4033 deforis
780 3979 838 4048 est,
862 3969 1033 4041 mendatis,
1058 3969 1148 4051 quod
1171 3979 1283 4034 autem
1307 3969 1395 4034 intus
1418 3979 1469 4033 est
1491 3980 1644 4048 vestrum,
1665 3970 1734 4054 ple-

386 4108 466 4152 num
490 4098 539 4152 est
563 4090 676 4172 rapina
699 4098 733 4152 et
756 4089 936 4171 iniquitate.
985 4089 1069 4152 Haec
1091 4087 1234 4152 Sanctus
1257 4089 1465 4172 Augustinus
1488 4091 1530 4153 de
1556 4091 1736 4154 elemosina

387 4211 419 4273 in
447 4205 532 4273 libro
555 4231 615 4274 suo
639 4219 756 4276 vocato
781 4209 1011 4289 Encheridion,
1038 4210 1071 4273 id
1099 4220 1157 4286 est,
1188 4211 1271 4276 libro
1299 4211 1459 4276 manualis
1487 4222 1520 4276 et
1546 4212 1735 4295 portabilis:
