4378 4936
495 415 556 475 124
865 408 964 464 Loci
989 407 1019 460 Ε
1047 408 1172 463 urano
1207 409 1465 465 vanrrnwrr.

493 627 565 682 tum
583 619 647 684 hoc
669 621 793 705 populo
814 621 1031 699 manifestare,
1050 631 1083 686 et
1104 621 1216 686 Deum
1236 621 1308 686 haec
1330 622 1528 688 concessisse
1552 621 1709 686 revelavit
1732 620 1840 684 eidem

495 760 591 824 papae
607 743 755 808 Urbano.
798 743 888 807 Vero
908 743 1128 825 cogitaciones
1148 764 1224 806 suas
1245 744 1393 826 proprias
1413 753 1447 808 et
1467 752 1610 808 secretas
1631 764 1690 827 per
1707 743 1841 806 beatam

495 860 680 944 Brigittam,
704 871 899 946 perpetuam
928 883 1085 946 sponsam
1110 864 1179 940 Xti,
1207 873 1240 928 et
1267 885 1342 947 quae
1369 875 1403 929 et
1429 865 1540 948 qualia
1569 864 1727 948 cogitavit
1753 865 1841 928 idem

495 1001 592 1065 papa,
622 984 656 1046 in
682 985 816 1050 introitu
843 984 950 1049 beatae
977 984 1127 1066 Brigittae
1149 985 1192 1049 ad
1220 1006 1304 1065 eum,
1329 995 1363 1050 et
1389 985 1522 1070 qualem
1552 987 1766 1050 devocionem
1793 985 1843 1046 in·

495 1098 627 1164 solitam
654 1101 743 1164 idem
770 1121 857 1183 papa
882 1110 953 1164 tum
977 1099 1093 1165 habuit
1123 1102 1156 1164 in
1187 1112 1298 1167 mente
1327 1125 1395 1182 sua,
1421 1113 1455 1168 et
1480 1104 1627 1188 regulam
1657 1102 1780 1167 ordinis
1810 1110 1844 1165 et

497 1220 661 1303 religionis
686 1220 867 1285 Salvatoris
890 1221 991 1285 nostri
1017 1221 1096 1303 Jesu
1123 1223 1183 1287 Xti
1211 1224 1370 1288 dictatam
1393 1225 1436 1288 ab
1464 1225 1536 1307 ipso
1559 1224 1639 1301 Xt0,
1661 1233 1695 1288 et
1722 1221 1843 1286 revela-

497 1350 567 1405 tam
591 1342 699 1406 beatae
723 1343 873 1425 Brigittae
899 1343 942 1406 de
966 1363 1069 1425 regno
1092 1343 1237 1420 Sweciae,
1259 1344 1293 1407 in
1321 1345 1375 1410 die
1397 1344 1511 1410 Sancti
1535 1344 1680 1411 Oswaldi
1705 1344 1789 1426 regis
1810 1353 1844 1407 et

498 1463 648 1542 martiris,
674 1473 708 1528 et
738 1463 897 1546 praecepit
924 1464 1012 1528 Xtus
1040 1465 1148 1530 beatae
1173 1465 1323 1548 Brigittae
1353 1467 1442 1549 quod
1472 1468 1561 1550 prior
1590 1465 1717 1530 Petrus
1737 1465 1843 1540 Olavi‚

497 1583 620 1647 ordinis
640 1581 853 1664 Cicistrensis‚
871 1585 926 1668 qui
944 1585 1007 1650 suit
1028 1606 1112 1648 unus
1133 1586 1356 1650 confessorum
1376 1587 1483 1651 beatae
1500 1587 1658 1671 Brigittae,
1678 1587 1843 1651 scriberet.

498 1703 545 1767 Et
568 1707 601 1768 in
624 1704 680 1768 illa
703 1704 816 1787 regula
839 1705 982 1770 revelata
1004 1705 1137 1772 Sanctae
1161 1707 1309 1790 Brigittae
1333 1708 1365 1770 in
1385 1707 1503 1772 Castro
1518 1707 1664 1784 Wasten‚
1688 1708 1721 1771 in
1745 1727 1844 1790 regno

498 1824 642 1904 Sweciae,
666 1826 881 1910 Lincopensis
903 1827 1051 1906 diocesis,
1074 1828 1220 1910 capitulo
1242 1829 1515 1911 quinquagesimo
1537 1839 1662 1912 quarto,
1685 1829 1844 1904 scribitur,

496 1947 604 2029 ‘quod
626 1947 723 2028 Jesus
746 1947 834 2011 Xtus
858 1947 1011 2012 Salvator
1034 1959 1145 2012 noster
1164 1951 1325 2014 concessit
1349 1949 1395 2012 illi
1419 1949 1565 2032 religioni
1591 1950 1705 2016 Sancti
1731 1949 1845 2014 Salva-

495 2069 576 2132 toris
605 2068 678 2133 illas
707 2069 939 2151 indulgendas,
967 2090 1041 2151 quae
1071 2079 1147 2133 sunt
1172 2069 1291 2133 Romae
1320 2071 1354 2133 in
1380 2069 1517 2134 ecclesia
1544 2070 1657 2135 Sancti
1685 2071 1771 2135 Petri
1801 2071 1845 2134 ad

495 2189 636 2256 Vincula
646 2188 665 2266 ;’
689 2191 762 2254 haec
788 2199 905 2274 patent
929 2192 961 2253 in
987 2212 1109 2274 magno
1136 2191 1220 2255 libro
1241 2193 1294 2256 De
1315 2192 1415 2256 beata
1441 2192 1590 2274 Brigitta,
1617 2192 1715 2255 vidua
1741 2212 1845 2273 quon·

496 2313 584 2390 dam,
599 2332 638 2376 ac
659 2311 851 2394 principissa
867 2311 1009 2375 Nericiae
1028 2312 1060 2375 in
1078 2332 1179 2394 regno
1195 2311 1339 2390 Sweciae‚
1355 2314 1411 2394 qui
1431 2310 1513 2376 liber
1530 2323 1580 2376 est
1599 2313 1631 2375 in
1648 2311 1846 2376 monasterio

496 2431 590 2514 Syon
612 2433 646 2495 in
668 2430 796 2514 Anglia
819 2432 941 2496 ordinis
965 2432 1079 2497 Sancti
1107 2432 1296 2512 Salvatoris,
1320 2441 1354 2496 et
1376 2432 1448 2496 haec
1475 2442 1591 2516 patent
1616 2435 1648 2497 in
1672 2433 1729 2496 illo
1751 2431 1845 2512 libro,

496 2553 673 2636 columpna
696 2554 938 2616 sexcentesima
963 2553 1171 2636 sexagesima
1195 2552 1348 2617 secunda.
1397 2552 1490 2618 Mille
1517 2554 1604 2617 enim
1631 2563 1665 2616 et
1691 2554 1845 2617 ducentae

497 2684 531 2738 et
560 2675 635 2738 duae
665 2673 850 2756 columpnae
885 2683 961 2739 sunt
990 2677 1024 2738 in
1054 2675 1112 2738 illo
1145 2695 1266 2756 magno
1295 2674 1379 2738 libro
1410 2676 1453 2738 de
1483 2673 1608 2738 Sancta
1638 2673 1779 2756 Brigitta
1812 2674 1844 2736 in

498 2795 698 2859 monasterio
723 2794 826 2878 Syon,
851 2794 1084 2860 Londonensis
1110 2797 1249 2860 diocesis
1276 2798 1308 2858 in
1331 2796 1466 2877 Anglia.
1512 2795 1543 2860 O
1566 2794 1664 2858 beata
1689 2791 1845 2877 Brigitta!

497 2919 598 2981 decus
621 2915 790 2999 Osgosiael
814 2918 834 2979 i.
848 2939 875 2980 e.
899 2917 1066 2981 orientalis
1090 2917 1219 2993 Gothae,
1243 2917 1275 2979 in
1299 2937 1399 2998 regno
1423 2915 1567 2993 Sweciae,
1589 2936 1646 2978 ora
1669 2935 1728 2997 pro
1751 2915 1846 2977 nobis

497 3039 541 3102 ad
564 3038 684 3112 Deum,
709 3037 819 3120 quite
843 3038 953 3120 elegit,
974 3047 1011 3101 ut
1033 3039 1124 3120 digni
1148 3038 1327 3101 efficiamur
1348 3037 1456 3120 gracia
1480 3037 1558 3111 Xti;
1581 3046 1614 3099 et
1636 3034 1707 3100 haec
1730 3045 1846 3116 patent

496 3162 530 3224 in
557 3158 669 3241 regula
693 3157 836 3222 revelata
860 3179 919 3242 per
940 3160 1045 3224 Xtum
1072 3161 1178 3224 beatae
1206 3159 1355 3242 Brigittae
1378 3159 1487 3222 viduae
1512 3156 1656 3240 capitulo
1685 3155 1846 3237 quinqua-

496 3285 623 3368 'gesimo
646 3291 691 3361 4⁰.
746 3283 876 3366 Regula
905 3283 1099 3348 confirmata
1129 3293 1179 3348 est
1209 3284 1273 3361 illa,
1303 3304 1402 3366 quam
1427 3283 1583 3347 Urbanus
1606 3283 1740 3363 quintus
1769 3300 1847 3344 con·

497 3405 656 3482 firmavit3
673 3404 868 3488 loquebatur
886 3407 973 3468 enim
992 3407 1110 3469 eadem
1128 3404 1252 3469 Sancta
1268 3405 1408 3486 Brigitta
1426 3423 1502 3467 cum
1520 3422 1607 3484 papa
1623 3400 1787 3464 Clementi
1799 3399 1847 3482 vj⁰

496 3528 529 3590 in
557 3527 676 3604 Roma,
700 3537 734 3591 et
763 3547 837 3591 cum
863 3528 1001 3592 Urbano
1022 3525 1065 3606 5⁰,
1092 3537 1126 3591 et
1153 3547 1228 3590 cum
1256 3525 1415 3608 Gregorio
1436 3523 1495 3606 xj0,
1521 3526 1554 3587 in
1578 3522 1671 3604 cujus
1697 3532 1846 3604 tempore

497 3647 616 3711 Romae
638 3648 728 3726 obiit,
752 3657 786 3712 et
810 3669 884 3712 ossa
907 3647 987 3730 ejus,
1007 3649 1052 3712 ibi
1075 3648 1206 3731 sepulta
1229 3649 1345 3712 eodem
1369 3667 1457 3711 anno
1480 3645 1629 3722 naturali,
1652 3646 1686 3707 in
1709 3663 1846 3725 regnum

496 3767 631 3834 Sweciae
660 3777 792 3851 portata
827 3769 957 3834 fuerunt
986 3770 1030 3834 ad
1066 3771 1300 3833 monasterium
1330 3768 1531 3832 beatissimae
1567 3767 1682 3830 Mariae
1717 3783 1847 3847 semper

494 3889 639 3971 Virginis
663 3890 696 3952 in
718 3889 866 3953 Wasten‚

582 4015 616 4080 [p.
632 4015 701 4079 606]
738 4014 970 4082 Indulgenoiae
997 4015 1132 4070 abusus.
1178 4005 1280 4069 Anno
1304 4006 1438 4069 Domini
1462 4022 1553 4083 1440,
1575 4003 1652 4066 fecit
1677 4000 1847 4084 Eugenius

495 4145 582 4208 papa
616 4135 753 4208 quartus
786 4127 1010 4211 indulgencias
1045 4148 1183 4210 magnas
1212 4148 1271 4211 per
1303 4127 1415 4190 omnia
1445 4145 1545 4208 regna
1576 4123 1778 4199 Xtianitatis,
1813 4129 1847 4184 et

494 4247 648 4312 collector
670 4269 766 4331 papae
791 4250 824 4313 in
850 4249 975 4332 Anglia
1002 4269 1062 4331 pro
1085 4259 1172 4327 tunc¹
1200 4249 1351 4330 quitum
1378 4247 1532 4330 pecunias
1558 4243 1679 4324 recepit
1706 4263 1766 4325 pro
1791 4240 1844 4304 lit-
