4378 4936
738 381 838 436 LOCI
863 381 892 434 E
921 381 1046 435 LIBRO
1081 381 1337 438 VERITATUM.
1655 395 1712 438 101

365 601 538 685 episcopus
557 601 770 685 Ypponensis
784 602 953 684 quondam
976 601 1009 663 in
1031 599 1169 665 Afsrica.
1215 600 1277 666 Ille
1300 603 1387 665 enim
1410 601 1521 668 Pecok
1544 603 1718 688 episcopus

366 723 552 804 praedictus,
576 723 633 805 qui
655 723 743 787 dixit
766 730 801 786 et
827 722 964 804 scripsit,
988 721 1022 784 in
1044 721 1127 785 libro
1150 722 1204 785 De
1227 722 1317 800 Fide,
1340 731 1434 805 parte
1456 724 1571 805 prima,
1592 731 1655 788 ca⁰.
1671 732 1716 809 3⁰,

366 843 456 925 quod
472 843 505 907 in
521 843 619 908 dictis
635 842 784 925 Gregorii
803 852 879 906 sunt
894 842 1014 906 diversi
1036 842 1193 916 delectus,
1210 851 1244 906 et
1259 843 1349 924 quod
1365 843 1455 907 dicta
1474 864 1535 907 sua
1551 843 1665 927 aliqua
1684 847 1718 910 in

368 963 500 1028 Omelia
517 963 573 1028 26⁸
593 984 657 1027 non
680 963 778 1026 simul
799 972 897 1041 stant,
913 963 1000 1026 dixit
1022 972 1056 1026 et
1074 963 1204 1045 scripsit
1220 963 1252 1026 in
1273 962 1337 1027 hoc
1356 962 1454 1028 valde
1474 964 1594 1028 falsum
1611 976 1645 1030 et
1664 988 1718 1030 su·

367 1085 514 1166 perbum,
525 1093 558 1148 et
574 1085 620 1148 sic
636 1084 777 1148 dicendo
793 1095 827 1149 et
842 1083 1017 1149 scribendo
1032 1085 1179 1148 ostendit
1194 1105 1230 1148 se
1241 1083 1339 1147 valde
1354 1105 1511 1167 usurpare
1527 1095 1561 1150 et
1576 1089 1718 1170 superbe

364 1203 514 1287 judicare
528 1205 572 1268 de
586 1205 683 1270 dictis
699 1213 734 1270 et
748 1203 878 1287 scriptis
892 1213 1082 1268 sanctorum
1098 1204 1280 1281 doctorum,
1296 1225 1435 1286 quorum
1450 1205 1553 1269 vitam
1569 1217 1718 1272 sanctam

368 1335 402 1390 et
417 1326 639 1391 excellentem
655 1325 838 1388 doctrinam
855 1333 888 1388 et
903 1325 1078 1389 scienciam
1094 1334 1128 1388 et
1143 1324 1243 1388 fidem
1257 1324 1423 1388 Dominus
1438 1326 1530 1390 Deus
1545 1327 1717 1392 confirma-

366 1448 414 1510 vit
430 1467 502 1510 esse
516 1467 603 1524 vera,
619 1445 833 1528 sequentibus
849 1445 951 1528 signis
968 1456 1001 1509 et
1017 1444 1191 1522 miraculis,
1203 1455 1237 1509 et
1253 1445 1356 1508 eciam
1373 1445 1565 1510 universalis
1580 1448 1718 1513 ecclesia

367 1575 401 1630 et
423 1567 551 1630 concilii
573 1566 736 1650 generalis
754 1567 935 1645 decretum,
950 1567 1040 1649 quod
1063 1574 1115 1630 est
1133 1573 1186 1646 15⁸
1205 1565 1401 1629 distincione
1416 1570 1547 1631 ‘sancta
1563 1567 1718 1634 Romana

366 1687 522 1752 ecclesia!
577 1687 624 1752 Et
650 1687 754 1752 eciam
785 1687 832 1750 illi
862 1686 968 1751 sancti
991 1686 1037 1750 dii
1063 1686 1225 1762 dicuntur,
1252 1685 1286 1748 in
1312 1687 1561 1768 comparacione
1586 1689 1630 1753 ad
1657 1711 1718 1754 nos

365 1808 516 1871 homines
540 1828 605 1871 non
628 1808 673 1872 sic
695 1817 836 1885 sanctos
858 1818 891 1872 et
913 1807 976 1871 hoc
1001 1815 1135 1890 propter
1156 1827 1270 1870 eorum
1295 1806 1515 1871 excellentem
1538 1809 1716 1875 scienciam

367 1937 400 1992 et
428 1928 503 1992 Deo
533 1927 718 2011 placentem
742 1929 858 1992 vitam.
911 1929 998 1992 Item
1029 1935 1165 2010 propter
1193 1946 1306 1990 eorum
1332 1927 1476 2008 graciam
1502 1949 1658 2012 magnam
1682 1940 1717 1996 et

365 2049 511 2112 divinam
535 2049 581 2112 eis
603 2049 853 2113 revelacionem.
898 2049 986 2112 Item
1008 2056 1144 2131 propter
1164 2067 1278 2111 eorum
1297 2046 1518 2111 excellentem
1539 2049 1716 2115 scienciam

366 2181 401 2234 et
425 2169 667 2252 experienciam
687 2170 886 2234 diuturnam.
938 2169 1041 2232 Tales
1067 2170 1221 2232 doctores
1246 2166 1371 2231 debent
1393 2166 1534 2248 judicari
1558 2190 1619 2252 per
1639 2192 1718 2236 suos

367 2312 471 2373 pares
496 2290 515 2354 i.
527 2313 555 2355 e.
578 2291 682 2355 sancti
705 2312 764 2375 per
781 2291 865 2355 alios
888 2299 1029 2368 sanctos,
1052 2289 1137 2353 sicut
1160 2288 1286 2352 domini
1308 2287 1515 2370 parliamenti
1536 2291 1570 2353 in
1591 2291 1719 2376 Anglia

364 2409 553 2492 judicantur
568 2431 626 2494 per
648 2432 724 2476 suos
746 2433 842 2495 pares
856 2437 864 2488 ;
887 2420 921 2475 et
937 2411 1027 2476 dicta
1045 2419 1233 2474 sanctorum
1249 2417 1282 2472 et
1301 2409 1423 2491 scripta
1440 2420 1518 2475 sunt
1532 2412 1718 2494 approbata

368 2541 401 2595 et
427 2531 572 2614 allegata
598 2552 657 2614 per
683 2531 899 2596 universalem
925 2531 1096 2595 ecclesiam
1123 2529 1207 2608 Dei;
1233 2529 1308 2592 ideo
1338 2549 1405 2592 non
1431 2540 1482 2594 est
1507 2530 1631 2595 bonum
1658 2536 1718 2599 sed

367 2651 491 2715 malum
515 2653 667 2717 recedere
691 2675 711 2717 a
738 2653 849 2717 studio
873 2653 1004 2716 illorum
1026 2663 1059 2716 et
1085 2651 1161 2727 fide,
1180 2659 1213 2713 et
1240 2651 1422 2714 consentire
1445 2651 1541 2716 dictis
1564 2663 1598 2716 et
1621 2653 1718 2719 sactis

366 2773 515 2854 praedicti
547 2773 655 2837 Pecok
686 2773 839 2855 episcopi,
868 2773 924 2855 qui
961 2793 1028 2836 non
1059 2771 1161 2834 habet
1190 2769 1424 2848 testimonium,
1455 2781 1492 2836 ut
1522 2775 1628 2838 sancti
1657 2776 1716 2838 viri

368 2892 500 2968 habent,
526 2913 631 2956 neca
660 2893 735 2956 Deo
761 2914 821 2956 nec
851 2893 894 2956 ab
921 2892 1058 2964 ecclesia
1086 2890 1257 2955 catholica.
1311 2889 1455 2972 Quando
1482 2893 1570 2956 enim
1598 2895 1715 2971 Pecok,

370 3013 549 3095 praedictus
561 3012 727 3088 Wallicus‚
741 3013 828 3077 dixit
844 3013 933 3095 quod
947 3011 1089 3077 Sanctus
1101 3011 1278 3093 Gregorius
1290 3011 1408 3076 erravit
1423 3012 1573 3088 dicend0,
1585 3015 1718 3080 Omelia

367 3155 426 3197 sua
444 3133 506 3212 26⁵,
522 3133 571 3197 ‘F
572 3133 642 3198 ides
662 3133 846 3198 nonhabet
866 3136 1019 3198 meritum
1036 3133 1087 3196 cui
1104 3133 1191 3195 racio
1206 3131 1351 3195 humana
1366 3134 1493 3214 praebet
1510 3135 1716 3217 experimen·

367 3251 458 3330 tum,’
473 3254 582 3336 potuit
603 3253 743 3318 honeste
767 3265 802 3318 et
823 3263 937 3336 aperte
954 3253 1120 3318 declarare
1141 3253 1314 3317 veritatem
1329 3251 1426 3335 hujus
1441 3254 1529 3333 dicti,
1544 3265 1579 3319 et
1600 3277 1716 3320 sanam
1818 3243 1823 3252 ’

367 3383 512 3440 mentem
536 3385 570 3439 et
592 3373 796 3438 intellectum
819 3375 909 3439 beati
932 3373 1090 3457 Gregorii,
1107 3373 1172 3455 qui,
1188 3371 1260 3436 haec
1280 3373 1460 3452 scribendo,
1475 3375 1604 3458 scripsit
1618 3377 1716 3442 valde

364 3515 489 3569 verum,
506 3504 543 3558 ut
558 3495 677 3560 diversi
696 3496 850 3560 doctores
872 3506 1020 3560 sanctam
1041 3503 1188 3558 mentem
1204 3503 1238 3558 et
1253 3493 1416 3558 intentum
1434 3494 1548 3559 Sancti
1565 3495 1715 3581 Gregorii

365 3616 624 3693 declaraverunt,
643 3627 677 3682 et
696 3638 762 3680 non
778 3617 1057 3700 vituperaverunt.
1101 3617 1202 3694 Nota,
1217 3617 1398 3680 secundum
1415 3617 1586 3680 doctorem
1607 3618 1715 3682 solen·

366 3757 443 3801 nem
462 3737 660 3820 Magistrum
678 3737 860 3802 Henricum
884 3739 926 3802 de
944 3737 1106 3802 Gandavo
1129 3738 1162 3800 in
1183 3757 1244 3800 sua
1260 3735 1408 3817 Summa,
1424 3747 1458 3801 et
1479 3758 1539 3820 per
1555 3737 1715 3804 Sanctum

366 3857 532 3921 Thomam
548 3859 591 3922 de
607 3857 753 3940 Aquino,
773 3866 813 3938 2⁸,
827 3868 875 3938 2²,
892 3858 996 3922 Racio
1012 3858 1238 3922 consideratur
1252 3857 1434 3940 dupliciter,
1449 3879 1493 3922 sc.
1505 3867 1542 3921 ut
1557 3859 1716 3940 praecedit

370 3978 480 4057 fidem,
503 3987 537 4042 et
563 3986 601 4042 ut
627 3979 782 4060 sequitur.
828 3979 933 4044 Racio
958 3981 1117 4061 praecedit
1142 3979 1251 4058 fidem,
1277 3979 1410 4061 quando
1431 3979 1532 4043 homo
1556 4001 1622 4044 non
1643 3979 1716 4046 vult

366 4100 499 4164 credere
523 4098 568 4161 illi
590 4099 764 4162 assercioni
781 4120 856 4181 quae
880 4120 946 4164 non
963 4101 1122 4183 probatur
1146 4100 1207 4163 sibi
1231 4121 1304 4165 esse
1323 4121 1399 4164 vera
1417 4122 1477 4183 per
1497 4100 1714 4166 sufficientem

368 4218 553 4284 naturalem
570 4220 741 4285 racionem.
788 4220 844 4285 Sic
865 4221 953 4284 enim
972 4221 1139 4286 adhaerere
1160 4221 1242 4286 fides
1262 4241 1328 4287 non
1347 4232 1398 4289 est
1414 4222 1590 4287 meritoria.
1634 4221 1716 4286 Alio
