4338 4936
486 399 529 463 68
863 411 961 466 LOCI
988 411 1016 464 E
1046 411 1169 464 LIBRO
1206 409 1462 466 VERITATUM.

489 634 560 688 rate
587 647 652 703 eos,
679 635 715 690 ut
742 647 825 689 unus
852 626 1000 708 proficiat
1027 625 1059 688 in
1087 644 1151 687 una
1178 623 1323 690 ecclesia.
1351 632 1384 687 et
1411 622 1494 685 alius
1520 624 1691 706 apostolus
1717 624 1748 688 in
1776 624 1840 689 alia

407 746 409 757 ¹
489 745 625 809 ecclesia
646 747 803 829 proficiat,
817 747 963 810 diversas
982 755 1017 810 et
1035 744 1144 827 plures
1164 745 1292 806 animas
1313 743 1387 806 Deo
1408 744 1584 825 adquirens
1604 747 1706 809 verbo
1726 757 1841 810 sancto

489 867 712 958 etexemplo,
734 868 812 950 quia
834 867 951 930 melius
974 875 1007 928 et
1029 865 1208 948 perfeccius
1230 875 1369 946 possunt
1392 863 1550 945 proficere
1572 865 1673 928 verbo
1696 877 1729 928 et
1752 866 1842 929 iacto

488 1005 550 1049 suo
564 987 631 1050 duo
651 987 729 1050 boni
751 997 893 1051 rectores
916 988 948 1050 in
967 986 1096 1049 duabus
1116 985 1261 1048 ecclesiis
1282 1004 1382 1066 quam
1404 1005 1487 1048 unus
1510 984 1585 1048 talis
1605 987 1712 1050 bonus
1735 997 1842 1050 rector

490 1107 523 1169 in
547 1107 676 1170 duabus
700 1107 851 1184 ecclesiis,
875 1107 952 1189 quia
975 1127 1058 1169 onus
1084 1105 1200 1168 melius
1220 1105 1267 1169 sic
1291 1103 1465 1187 perficitur,
1485 1107 1573 1170 unde
1596 1118 1729 1171 sanctus
1754 1127 1842 1190 papa

490 1236 525 1289 et
551 1227 668 1290 doctor
698 1226 877 1308 Gregorius
903 1226 1067 1290 ordinavit
1093 1226 1182 1307 quod
1215 1245 1298 1287 unus
1329 1225 1539 1307 episcopatus
1569 1247 1687 1308 parvus
1717 1228 1843 1291 divide·

490 1357 581 1410 retur
605 1349 638 1410 in
661 1349 745 1412 duos
770 1349 990 1430 episcopatus,
1014 1347 1060 1410 ita
1082 1347 1172 1429 quod
1199 1347 1267 1409 duo
1290 1355 1399 1409 essent
1422 1347 1565 1428 episcopi
1589 1348 1622 1410 in
1647 1359 1842 1431 perpetuum

489 1467 546 1531 ubi
569 1469 658 1550 prius
684 1467 745 1531 luit
771 1488 856 1531 unus
879 1468 1061 1550 episcopus,
1085 1467 1202 1530 Petrus
1226 1466 1378 1530 nomine:
1409 1477 1445 1531 et
1466 1467 1639 1553 episcopus
1663 1469 1748 1532 illius
1771 1469 1843 1546 loci,

490 1608 536 1652 sc.
569 1586 721 1666 Corsicae,
748 1588 889 1652 multum
921 1587 953 1649 in
982 1587 1047 1650 hoc
1074 1587 1206 1668 gavisus
1236 1586 1306 1664 suit,
1336 1589 1425 1670 quod
1458 1590 1504 1651 sic
1535 1591 1744 1672 episcopatus
1774 1589 1844 1672 ejus

491 1709 615 1772 divisus
630 1707 692 1772 suit
713 1709 745 1771 in
762 1710 855 1785 duos,
871 1709 949 1790 quia
969 1707 1016 1771 sic
1038 1707 1154 1770 melius
1171 1717 1205 1770 et
1227 1707 1406 1789 perfeccius
1425 1729 1508 1772 onus
1524 1710 1665 1773 divisum
1684 1712 1717 1773 in
1733 1711 1844 1793 plures

492 1828 712 1911 perficeretur,
735 1837 769 1892 et
799 1829 846 1892 sic
876 1827 998 1890 limites
1025 1827 1164 1890 diocesis
1190 1848 1260 1890 suae
1286 1828 1417 1892 fuerunt
1443 1830 1504 1893 sibi
1530 1831 1710 1910 viciniores,
1736 1842 1771 1895 et
1797 1833 1844 1896 sic

492 1949 610 2014 melius
630 1950 740 2031 potuit
759 1947 915 2030 perficere
931 1956 965 2011 et
981 1947 1117 2029 implere
1132 1947 1281 2011 debitum
1298 1949 1440 2012 officium
1461 1952 1642 2030 animabus,
1659 1973 1700 2016 ne
1720 1952 1845 2016 diceret

492 2070 523 2134 ei
546 2070 711 2134 Dominus
737 2069 818 2132 illud
845 2069 933 2151 quod
957 2067 1045 2131 dixit
1068 2067 1100 2130 in
1124 2067 1317 2150 Apocalipsi
1337 2069 1386 2150 iij⁰
1411 2071 1564 2153 capitulo,
1593 2073 1689 2136 ‘Non
1716 2074 1846 2136 invenio

492 2211 593 2273 opera
614 2201 672 2255 tua
688 2189 785 2272 plena
803 2209 914 2254 coram
936 2185 1009 2262 me‚’
1025 2189 1046 2250 i.
1057 2209 1084 2252 e.
1105 2189 1304 2253 s'ufficiencia
1325 2201 1358 2253 et
1381 2193 1534 2273 requisita
1555 2191 1734 2272 habencia3
1757 2195 1846 2256 unde

493 2311 539 2374 sic
561 2310 672 2373 divisit
694 2319 828 2373 sanctus
851 2329 938 2391 papa
960 2307 1137 2390 Gregorius
1160 2309 1385 2391 episcopatum
1408 2331 1509 2374 unum
1533 2313 1565 2375 in
1585 2313 1677 2389 duos,
1694 2323 1730 2376 ut
1753 2325 1846 2397 patet

494 2431 527 2493 in
554 2431 692 2514 registro
718 2451 786 2500 suo,
813 2428 896 2492 libro
922 2439 1050 2506 octavo,
1075 2429 1215 2510 epistola
1241 2431 1357 2511 prima,
1386 2432 1482 2496 Petro
1509 2434 1664 2517 episcopo
1692 2434 1848 2512 Corsica,

493 2560 528 2616 et
560 2551 724 2615 ordinavit
754 2549 929 2613 duodecim
963 2549 1032 2612 sore
1066 2549 1238 2631 episcopos
1269 2550 1301 2613 in
1331 2553 1506 2616 duodecim
1540 2555 1784 2638 episcopatibus
1813 2557 1847 2619 in

494 2679 702 2754 perpetuum,
728 2670 784 2734 ubi
809 2669 872 2732 fuit
896 2668 967 2752 jam
995 2669 1058 2732 nisi
1085 2689 1170 2732 unus
1196 2670 1368 2752 episcopus
1395 2681 1430 2736 et
1455 2694 1540 2736 unus
1566 2677 1783 2759 episcopatus,
1810 2688 1848 2741 ut

493 2799 588 2873 patet
614 2791 648 2853 in
672 2789 824 2871 Epistola
853 2788 969 2854 Sancti
997 2787 1149 2871 Gregorii
1177 2788 1303 2854 Sancto
1329 2791 1529 2875 Augustino,
1555 2795 1741 2878 Anglorum
1767 2818 1848 2880 apo-

495 2911 594 2986 stolo,
610 2921 645 2976 et
660 2919 711 2975 est
732 2910 788 2973 illa
809 2910 949 2993 epistola
969 2911 1002 2972 in
1025 2911 1162 2991 registro
1179 2909 1293 2975 Sancti
1311 2911 1469 2994 Gregorii.
1514 2915 1672 2981 ODeus!
1705 2921 1849 2984 concede

495 3043 533 3096 ut
559 3031 704 3114 episcopi
732 3041 766 3094 et
793 3030 1009 3114 praesidentes
1039 3031 1153 3112 pocius
1180 3041 1298 3113 optent
1328 3036 1483 3115 prodesse
1510 3039 1722 3120 spiritualiter
1746 3059 1848 3122 quam

495 3153 654 3236 prodesse
676 3150 910 3233 temporaliter,
926 3151 1004 3231 quia
1027 3159 1107 3213 tunc
1130 3171 1196 3214 non
1219 3152 1267 3216 sic
1288 3165 1482 3235 appeterent
1504 3158 1587 3221 duas
1610 3160 1771 3238 ecclesias,
1790 3181 1849 3225 nec

497 3273 703 3357 praebendas.
748 3272 914 3335 Dominus
937 3271 1039 3353 Hugo
1060 3273 1104 3336 de
1122 3272 1261 3346 Vienna,
1282 3275 1455 3339 cardinalis
1476 3290 1599 3343 sanctae
1622 3279 1763 3360 Sabinae,
1783 3292 1850 3346 tes·

496 3402 590 3458 tatur
618 3413 718 3476 super
743 3391 853 3455 Actus
879 3390 1131 3473 Apostolorum,
1155 3393 1245 3474 quod
1274 3414 1391 3458 omnes
1414 3417 1497 3479 quos
1527 3400 1598 3482 ipse
1628 3402 1719 3466 novit
1747 3401 1850 3466 talem

497 3513 723 3596 pluralitatem
747 3507 960 3576 ecclesiarum
982 3511 1145 3576 habentes
1169 3523 1247 3576 ante
1270 3526 1409 3579 mortem
1432 3538 1536 3595 suam,
1558 3522 1762 3586 consciencia
1783 3524 1851 3587 dic·

498 3644 601 3710 tante,
629 3633 768 3698 confessi
799 3642 877 3696 sunt
909 3633 1034 3714 seipsos
1061 3633 1318 3715 dampnabiliter
1345 3637 1468 3701 vixisse
1494 3641 1561 3703 duo
1586 3640 1745 3706 beneficia
1776 3645 1851 3708 reti·

498 3757 620 3830 nendo,
636 3754 691 3816 ubi
707 3773 809 3815 unum
826 3753 890 3815 luit
910 3752 1075 3816 sufficiens
1095 3754 1137 3816 ad
1157 3775 1270 3817 eorum
1289 3759 1478 3822 necessaria.
1523 3759 1631 3840 Tales,
1647 3763 1851 3844 pluralitates

501 3875 673 3950 habentes,
690 3873 809 3936 merito
827 3894 888 3936 suo
911 3871 1000 3935 malo
1021 3881 1180 3936 vocantur
1204 3876 1424 3964 devoratores,
1444 3889 1477 3943 et
1496 3882 1715 3947 destructores
1736 3885 1853 3949 salutis

501 3997 695 4072 animarum,
721 4003 756 4056 et
781 3991 890 4056 cultus
914 3991 988 4070 Dei,
1012 3994 1090 4075 quia
1115 4014 1198 4057 unus
1224 3996 1300 4059 talis
1324 3998 1463 4081 impedit
1487 4003 1642 4085 quicquid
1667 4005 1745 4068 boni
1769 4005 1853 4070 alius

501 4117 609 4179 bonus
630 4123 737 4178 rector
758 4133 815 4176 seu
838 4112 1086 4194 praebendarius
1109 4113 1143 4176 in
1166 4135 1233 4178 uno
1257 4117 1417 4183 beneficio
1439 4142 1499 4185 suo
1521 4121 1651 4203 laceret,
1672 4135 1706 4188 et
1727 4125 1755 4188 si
1777 4146 1854 4190 vere

498 4243 637 4318 saperet,
667 4233 795 4298 videret
830 4232 926 4310 clare,
956 4234 1046 4316 quod
1083 4235 1198 4316 pocius
1228 4235 1370 4302 intendit
1403 4241 1482 4306 talia
1518 4243 1606 4308 bona
1641 4245 1850 4309 ecclesiarum
