4338 4936
727 412 824 467 [οε]
850 409 878 464 Ε
909 410 1032 464 urano
1069 409 1328 464 venrmruv.
1664 421 1704 490 37

351 625 456 708 xxviij
493 625 559 690 lere
591 647 695 690 annos
732 627 765 689 in
802 627 920 707 quibus
957 627 1050 689 stetit
1086 623 1351 707 archiepiscopus
1390 623 1608 690 Eboracensis
1645 627 1706 695 fuit

351 746 500 810 totaliter
522 748 642 810 absens
663 769 683 810 a
707 769 766 810 sua
789 745 921 823 diocesi,
940 766 1076 809 manens
1102 744 1284 808 Londoniis
1307 745 1359 808 vel
1387 745 1419 807 in
1445 745 1576 824 Cancia,
1596 747 1648 811 vel
1672 749 1705 812 in

350 865 422 928 aliis
450 867 530 931 locis
556 869 588 931 in
616 867 742 950 Anglia
769 867 904 931 remotis
931 887 951 930 a
975 887 1034 929 sua
1061 866 1183 929 diocesi
1214 865 1425 942 Eboracensl,
1448 877 1592 948 excepto
1615 871 1705 950 quod

351 986 530 1068 aliquando
553 988 655 1052 semel
679 989 711 1051 in
736 989 850 1052 decem
866 986 917 1050 vel
941 990 973 1050 in
995 987 1170 1049 duodecim
1187 987 1282 1050 annis
1305 989 1426 1050 mansit
1448 988 1481 1050 in
1502 1008 1561 1050 sua
1584 989 1705 1054 diocesi

353 1107 554 1171 Eboracensi
571 1129 630 1191 per
649 1111 733 1173 duas
753 1108 805 1172 vel
823 1119 890 1171 tres
908 1109 1119 1190 septimanas
1135 1108 1247 1188 paucis
1263 1107 1380 1170 diebus
1395 1106 1446 1170 vel
1467 1107 1564 1171 nullis
1585 1112 1707 1174 mansit

352 1229 384 1289 in
407 1227 568 1306 Eboraco,
585 1241 618 1293 et
643 1233 675 1292 in
700 1240 850 1312 tempore
873 1250 933 1292 suo
960 1228 1123 1311 palacium
1147 1227 1384 1309 archiepiscopi
1408 1227 1626 1293 Eboracensis
1649 1232 1707 1294 de·

351 1347 430 1411 fecit
452 1359 486 1412 ct
507 1349 573 1413 fere
594 1351 637 1414 ad
662 1350 769 1413 solum
795 1351 920 1426 ruebat,
937 1355 971 1412 et
994 1351 1101 1431 ipsum
1127 1348 1292 1430 palacium
1314 1348 1386 1430 ipso
1413 1349 1579 1444 existente
1602 1351 1708 1414 archi·

352 1469 508 1552 episcopo
535 1482 722 1553 reparatum
749 1491 815 1533 non
843 1469 913 1542 suit,
941 1479 974 1532 et
1002 1471 1035 1531 in
1062 1487 1189 1532 recessu
1220 1489 1279 1531 suo
1309 1469 1352 1531 ab
1384 1469 1546 1545 Eborac0,
1573 1472 1708 1552 quando

352 1609 412 1651 rex
429 1588 562 1672 Angliae
583 1591 747 1655 chricus
763 1590 889 1656 Sextus
911 1601 944 1654 et
967 1591 1039 1652 dux
1061 1587 1322 1652 Summersettiae
1340 1589 1539 1653 Edmundus
1562 1590 1709 1655 lecerunt

352 1729 428 1771 eum
463 1710 746 1795 archiepiscopum
779 1712 1061 1787 Cantuariensem,
1093 1709 1224 1791 reliquit
1255 1709 1425 1773 ecclesiam
1456 1731 1550 1772 suam
1584 1711 1708 1776 Ebora-

352 1851 483 1894 censem
516 1833 549 1894 in
581 1853 704 1914 magna
735 1833 993 1914 perturbacione,
1025 1832 1096 1894 sine
1131 1830 1300 1902 remedi03
1338 1839 1414 1912 post
1449 1841 1588 1895 mortem
1620 1835 1707 1896 enim

353 1952 468 2014 decani
494 1951 721 2030 Eboracensis,
745 1952 857 2016 Feltar
880 1953 1021 2028 nomine,
1042 1951 1189 2015 canonici
1213 1950 1359 2014 ecclesiae
1385 1951 1522 2032 pacifice
1547 1953 1708 2036 eligerunt

353 2069 601 2155 Bermyngham
638 2073 671 2135 in
703 2073 866 2136 decanum
897 2093 992 2135 suum
1024 2071 1279 2148 Eboracensem,
1306 2081 1340 2134 et
1370 2071 1402 2134 in
1438 2079 1589 2154 tempore
1623 2073 1709 2138 elee-

355 2192 458 2254 cionis
485 2194 517 2255 in
541 2193 686 2275 capitulo
710 2193 777 2256 duo
800 2193 878 2256 mali
906 2193 1054 2256 canonici
1079 2191 1220 2255 Eboraci
1248 2202 1281 2255 et
1304 2193 1392 2273 prior
1418 2191 1532 2256 Sancti
1561 2192 1708 2258 Oswaldi

353 2311 516 2394 eligerunt
538 2323 634 2376 extra
661 2313 841 2396 capitulum
866 2313 965 2395 juxta
990 2313 1180 2394 ymaginem
1211 2312 1315 2375 sancti
1342 2311 1532 2376 Christoleri
1555 2315 1588 2377 in
1611 2314 1709 2378 deca·

354 2451 433 2494 num
459 2433 605 2496 ecclesiae
630 2433 849 2497 Eboracensis
879 2435 1073 2515 magistrum
1104 2429 1286 2496 'Ricardum
1317 2431 1466 2495 Andrew
1496 2435 1707 2497 secretarium

354 2554 439 2634 regis
475 2553 609 2616 Henrici
645 2553 751 2631 Sexti,
789 2564 823 2618 et
856 2552 943 2617 sacta
976 2552 1203 2635 appellacione
1237 2573 1296 2634 per
1328 2552 1402 2616 illos
1435 2563 1502 2617 tres
1535 2555 1709 2619 canonicos

354 2682 470 2735 contra
496 2672 695 2737 eleccionem
718 2694 830 2737 veram
862 2672 1110 2754 Bermyngham
1143 2673 1264 2736 factam
1296 2673 1328 2734 in
1352 2673 1506 2755 capitulo,
1530 2694 1589 2737 rex
1616 2675 1709 2739 Hen-

355 2795 439 2857 ricus
457 2793 582 2857 Sextus
605 2793 698 2856 illum
717 2794 909 2868 Ricardum,
925 2795 981 2875 qui
1001 2792 1062 2856 suit
1085 2780 1229 2875 pessime
1251 2802 1285 2856 et
1306 2793 1426 2874 injuste
1447 2813 1468 2856 a
1486 2794 1590 2858 tribus
1613 2807 1709 2860 extra

354 2912 536 2994 capitulum
559 2914 692 2993 electus,
708 2915 892 2979 licenciavit
918 2913 980 2976 sub
1006 2913 1114 2997 sigillo
1141 2933 1201 2976 suo
1227 2915 1336 2995 ipsum
1365 2913 1544 2977 Ricardum
1561 2913 1709 2980 Andrew

354 3045 527 3116 acceptare
557 3035 777 3116 provisionem
813 3056 919 3118 papae,
949 3044 987 3098 ut
1017 3045 1104 3098 esset
1135 3033 1353 3097 Eboracensis
1388 3035 1534 3098 ecclesiae
1565 3036 1709 3099 decanus

356 3173 414 3235 per
436 3156 656 3236 provisionem
683 3177 788 3238 papae,
811 3158 857 3218 ita
880 3155 970 3238 quod
993 3175 1080 3237 papa
1102 3153 1282 3218 Nicholaus
1305 3155 1439 3235 quintus
1462 3157 1569 3236 ipsum
1595 3155 1710 3220 Ricar-

354 3276 436 3337 dum
473 3275 506 3337 in
543 3276 741 3340 decanatum
780 3277 925 3340 ecclesiae
962 3274 1182 3338 Eboracensis
1214 3275 1401 3356 provideret
1440 3265 1472 3338 et
1508 3275 1708 3339 eleccionem

357 3394 603 3478 Bermyngham
641 3396 762 3459 factam
801 3397 965 3478 legittime
1001 3416 1060 3478 per
1096 3383 1271 3459 canonicos
1302 3394 1460 3459 Ecclesiae
1492 3395 1709 3460 Eboracensis

357 3517 446 3577 idem
476 3535 564 3598 papa
593 3526 735 3579 cassaret
767 3527 802 3580 et
835 3527 1003 3580 revocaret
1032 3535 1090 3579 seu
1121 3515 1316 3593 adnullaret,
1348 3525 1381 3578 et
1412 3517 1457 3579 sic
1494 3515 1616 3579 lactum
1647 3516 1709 3581 suit

358 3633 478 3697 Romae
500 3657 559 3717 per
580 3638 736 3717 pecunias
760 3637 908 3719 praedicti
932 3636 1075 3700 Ricardi.
1122 3636 1167 3698 Et
1190 3636 1267 3717 quia
1294 3635 1475 3718 capitulum
1500 3635 1709 3700 Eboracense

357 3755 464 3837 ipsum
497 3755 675 3819 Ricardum
706 3758 873 3838 provisum
905 3777 963 3839 per
993 3777 1114 3839 papam
1147 3757 1290 3838 recipere
1320 3757 1353 3818 in
1384 3777 1480 3818 suum
1510 3757 1708 3820 decanatum

358 3894 424 3937 non
447 3875 630 3953 voluerunt,
646 3877 722 3940 ideo
746 3897 805 3959 per
826 3876 933 3938 bullas
955 3897 1052 3958 papae
1075 3875 1227 3940 Nicholai
1251 3876 1369 3939 diversi
1393 3875 1539 3940 canonici
1562 3875 1709 3940 ecclesiae

358 3994 553 4058 cathedralis
591 3995 733 4060 Eboraci
771 3997 1051 4061 excommunicati
1089 3997 1232 4071 luerunt,
1257 4005 1302 4060 'et
1341 3996 1477 4060 ecclesia
1514 3997 1710 4061 cathedralis

359 4115 512 4196 exposita
536 4115 710 4180 interdicto
741 4125 774 4180 et
801 4137 960 4200 suspensa
990 4137 1049 4199 per
1075 4116 1185 4200 plures
1214 4117 1425 4200 septimanas,
1455 4117 1502 4179 ita
1527 4118 1617 4197 quod
1650 4137 1710 4180 nec

360 4235 531 4298 matutinae
557 4255 616 4300 nec
643 4235 753 4318 aliqua
778 4237 876 4300 missa
905 4238 964 4300 suit
992 4239 1024 4300 in
1050 4237 1104 4300 illa
1132 4237 1267 4301 ecclesia
1291 4258 1350 4320 pcr
1375 4237 1483 4319 plures
1509 4238 1710 4319 septimanas
