4378 4936
486 399 545 448 112
863 394 962 449 Locl
988 395 1017 448 E
1045 395 1168 448 LIBRO
1203 393 1461 447 VERITATUM.

484 613 590 679 orant,
606 615 640 670 et
655 605 777 686 vivunt,
794 609 938 690 eoquod
955 629 1021 673 non
1037 608 1161 672 habent
1178 607 1383 690 exemplum,
1400 606 1592 677 doctrinam,
1606 613 1640 668 et
1655 602 1837 666 subsidium

486 723 564 787 boni
589 729 734 804 rectoris,
752 737 887 812 propter
909 750 983 812 quae
1004 731 1067 793 tria
1089 729 1227 793 decimae
1251 738 1285 792 et
1303 728 1391 791 bona
1414 725 1561 790 ecclesiae
1583 745 1603 789 a
1625 725 1700 788 Deo
1719 723 1838 788 collata

486 843 618 909 luerunt
644 847 778 913 habenti
810 871 922 914 curam
952 859 986 916 et
1016 850 1232 913 ministerium
1261 849 1378 912 salutis
1407 843 1610 911 animarum!
1657 845 1688 910 Ο
1715 855 1839 927 quanta

485 965 573 1030 bona
605 977 639 1032 et
667 969 822 1034 virtuosae
854 971 1065 1054 operaciones
1099 971 1132 1034 in
1163 979 1288 1034 rectore
1319 979 1353 1034 et
1384 968 1417 1030 in
1447 965 1588 1031 subditis
1619 964 1837 1038 retrahuntur,

486 1105 546 1168 per
574 1088 838 1154 subtraccionem
868 1092 1031 1156 bonomm
1065 1091 1203 1169 illorum,
1233 1111 1308 1173 quae
1343 1087 1437 1152 alteri
1475 1087 1549 1151 loco
1578 1087 1839 1170 appropriantur,

486 1207 610 1286 debita,
632 1210 765 1288 scilicet,
789 1224 1069 1277 sacramentorum
1100 1211 1354 1286 administracio,
1380 1209 1471 1272 verbi
1502 1208 1565 1270 Dei
1596 1217 1630 1271 et
1659 1206 1839 1270 voluntatis

487 1327 552 1391 Dei
593 1331 731 1412 agnici0‚
767 1332 846 1396 boni
884 1333 1155 1416 exemplificacio,
1196 1331 1401 1414 agendorum
1442 1329 1639 1405 consiliacio,
1677 1327 1839 1393 malorum

487 1448 687 1530 reformacio‚
709 1453 873 1516 bonorum
898 1454 1142 1536 multiplicacio,
1165 1453 1387 1534 indigencium
1414 1470 1473 1533 per
1502 1449 1763 1532 hospitalitatem
1790 1467 1839 1510 re-

487 1567 598 1644 ieccio‚
627 1592 809 1655 pauperum
836 1573 1008 1637 scolarium
1032 1575 1075 1637 ad
1099 1573 1247 1637 studium
1274 1571 1461 1635 exhibicio!
1509 1570 1597 1633 Novi
1623 1569 1711 1632 enim
1738 1589 1838 1632 unum

488 1699 657 1767 rectorem,
678 1693 745 1775 qui,
769 1713 812 1757 ex
833 1693 930 1758 bonis
953 1696 1048 1758 unius
1073 1693 1228 1770 ecclesiae,
1255 1711 1355 1775 quam
1383 1692 1512 1754 unicam
1538 1689 1662 1768 habuit,
1687 1689 1840 1753 exhibuit

487 1811 531 1873 ad
560 1811 685 1876 scolam
716 1825 751 1878 et
780 1807 823 1878 aid
854 1815 1001 1878 studium
1031 1815 1148 1896 viginti
1174 1813 1321 1896 juvenes,
1351 1821 1384 1875 et
1414 1811 1491 1874 fecit
1521 1811 1611 1892 ipsos
1643 1812 1839 1874 sacerdotes.

488 1929 520 1995 Ο
545 1943 669 2014 quanta
695 1935 783 1998 bona
813 1945 925 1999 essent
955 1937 988 1998 in
1019 1935 1083 1999 illis
1109 1933 1297 1997 hominibus
1324 1932 1435 1996 fienda
1465 1941 1498 1994 et
1528 1931 1697 2012 perillus,
1720 1930 1839 2013 quibus

488 2051 552 2115 ista
575 2052 663 2118 bona
685 2055 895 2119 ecclesiarum
918 2055 1156 2138 parochialium
1179 2053 1439 2136 appropriantur,
1463 2071 1503 2114 eo
1526 2053 1615 2134 quod
1637 2061 1708 2116 tam
1730 2051 1840 2133 plures

486 2183 582 2237 actus
607 2175 685 2238 boni
714 2177 904 2258 dequibus
934 2177 1124 2259 praedicitur
1146 2196 1205 2257 per
1230 2175 1332 2239 talem
1358 2173 1663 2256 appropriacionem
1689 2173 1840 2236 ecclesia·

489 2315 562 2356 rum
584 2297 798 2360 destruuntur
820 2297 852 2360 in
875 2297 946 2360 aliis
967 2296 1067 2361 locis!
1114 2295 1146 2360 O
1170 2295 1230 2359 viri
1253 2295 1394 2376 religiosi
1417 2305 1450 2358 et
1477 2293 1650 2376 collegiati,
1673 2293 1706 2356 in
1729 2291 1840 2356 cathe-

486 2414 634 2479 dralibus
657 2416 822 2480 ecclesiis!
845 2426 970 2499 quanta
993 2416 1081 2480 bona
1104 2425 1137 2480 et
1160 2425 1274 2480 sancta
1297 2435 1396 2498 opera
1419 2414 1577 2492 faceretis,
1600 2416 1678 2496 quia
1701 2435 1759 2496 per
1780 2435 1840 2478 vos

489 2545 541 2599 tot
570 2537 657 2600 bona
687 2558 787 2620 opera
813 2539 971 2621 praedicta
997 2540 1030 2602 in
1055 2538 1204 2620 pluribus
1233 2537 1395 2620 parochiis
1425 2537 1645 2614 destruuntur,
1669 2556 1729 2618 per
1754 2536 1841 2599 bona

489 2655 583 2718 vobis
608 2659 828 2739 appropriata,
854 2669 888 2722 et
914 2659 957 2722 ab
985 2659 1048 2721 illis
1075 2659 1155 2722 locis
1179 2657 1330 2734 alienata,
1355 2677 1429 2739 quae
1455 2657 1594 2720 fuissent
1618 2657 1683 2720 illis
1707 2657 1740 2719 in
1763 2657 1840 2720 sub·

489 2775 611 2838 sidium
641 2777 783 2859 plurium
807 2779 970 2842 bonorum
999 2799 1146 2861 operum,
1168 2779 1196 2840 si
1225 2779 1351 2842 bonum
1381 2787 1541 2842 rectorem
1571 2777 1764 2842 habuissent
1797 2777 1840 2842 ad

489 2897 681 2979 regendum.
740 2899 835 2962 Bona
864 2901 952 2963 enim
982 2899 1179 2982 temporalia
1214 2899 1361 2963 ecclesiae
1391 2900 1515 2963 donata
1544 2909 1621 2963 sunt
1651 2920 1671 2962 a
1702 2899 1777 2963 Deo
1807 2899 1840 2962 in

489 3017 652 3080 auxilium
683 3028 717 3082 et
747 3019 780 3082 in
811 3019 1123 3102 multiplicacionem
1147 3020 1309 3082 bonorum
1339 3020 1566 3102 spiritualium.
1610 3021 1736 3086 Videas
1762 3039 1841 3103 ergo

489 3140 579 3220 quod
602 3159 661 3222 per
682 3139 784 3204 talem
805 3141 1111 3224 appropriacionem
1134 3139 1280 3204 ecclesiae
1300 3141 1389 3204 bona
1411 3141 1524 3206 debita
1546 3141 1753 3224 parochianis
1775 3159 1841 3204 non

490 3259 705 3338 retrahantur,
728 3271 764 3324 ut
790 3261 878 3325 bona
904 3259 1038 3344 pociora
1061 3260 1106 3324 ibi
1129 3261 1219 3339 fiant,
1242 3261 1298 3324 ubi
1321 3263 1585 3345 appropriantur.
1630 3262 1731 3326 Tales
1754 3263 1841 3327 enim

490 3379 651 3444 habentes
681 3380 769 3444 bona
797 3381 1009 3464 appropriata
1039 3381 1250 3445 ecclesiarum
1281 3382 1518 3463 parochialium
1541 3404 1631 3466 saepe
1660 3383 1843 3447 abutuntur

491 3500 587 3564 bonis
618 3501 689 3578 illis,
719 3521 794 3584 quae
821 3502 1023 3566 deservirent
1052 3501 1208 3584 operibus
1234 3503 1356 3565 sanctis
1383 3502 1509 3580 fiendis
1537 3505 1571 3567 in
1601 3504 1783 3581 scribend0,
1808 3505 1842 3566 in

417 3635 423 3648 ·
490 3623 625 3701 orand0,
641 3623 674 3685 in
697 3622 848 3705 legendo,
865 3624 898 3684 in
921 3623 1142 3706 praedicando,
1157 3631 1190 3686 et
1212 3623 1352 3687 devotos
1375 3635 1409 3687 et
1432 3624 1618 3706 indigentes
1641 3624 1840 3700 exhibendo,

491 3751 526 3806 et
551 3743 606 3806 illa
632 3743 728 3821 bona,
753 3764 828 3825 quae
850 3753 1047 3827 acceperunt
1069 3743 1112 3807 ad
1140 3752 1292 3807 sanctum
1315 3763 1400 3826 opus
1424 3743 1579 3819 fiendum,
1605 3745 1843 3810 transtulerunt

490 3867 534 3929 ad
561 3865 713 3948 injuriam
737 3865 905 3929 donatoris
936 3864 1031 3940 male,
1061 3885 1106 3928 sc.
1136 3864 1200 3927 illis
1229 3865 1363 3944 utendo,
1390 3875 1424 3929 et
1454 3875 1587 3930 sanctos
1616 3885 1694 3930 usus
1723 3875 1757 3930 et
1787 3866 1843 3948 pia

490 4006 592 4068 opera
611 3987 806 4050 omittendo.
840 3985 916 4050 Tali
932 3987 1011 4050 dicit
1029 3986 1199 4064 Dominus,
1216 3985 1303 4051 Osee
1320 3987 1365 4069 ij0,
1380 3987 1561 4052 ‘Nesciunt
1577 3988 1666 4070 quod
1683 4007 1745 4071 ego
1764 3987 1841 4051 dedi

492 4107 522 4170 ei
545 4105 754 4187 frumentum,
771 4108 893 4186 vinum,
916 4118 950 4172 et
972 4107 1091 4186 oleum,
1107 4117 1141 4172 et
1163 4117 1337 4191 argentum
1361 4108 1576 4192 multiplicavi
1599 4109 1637 4188 ei,
1658 4119 1691 4174 et
1715 4127 1841 4183 aumm,

492 4249 567 4311 quae
590 4228 737 4295 iecerunt
757 4229 837 4294 Baal
862 4227 1131 4311 multiplicando,’
1153 4250 1197 4295 sc.
1212 4251 1306 4308 vana,
1331 4241 1364 4295 et
1386 4250 1556 4314 pomposa,
1581 4240 1615 4295 et
1637 4230 1770 4296 delicias
1792 4229 1842 4292 sui
