4338 4936
723 423 822 480 LOCI
847 425 877 478 E
905 427 1030 482 LIBRO
1065 429 1324 487 VERITATtur.
1660 429 1700 509 67

348 655 422 718 quae
447 635 578 715 lecistis,
606 658 680 701 meo
705 639 844 718 delectu,
871 651 904 704 et
929 650 1063 724 propter
1088 642 1176 706 bona
1200 664 1308 726 opera,
1336 666 1410 727 quae
1438 647 1594 711 omisistis
1625 669 1700 712 meo

345 755 477 821 deiectu
501 779 558 822 seu
579 758 815 842 negligencia3'
839 761 871 823 in
888 759 1082 844 Apocalipsi
1105 766 1191 826 enim
1214 763 1377 829 Dominus
1400 767 1572 851 episcopos
1590 788 1700 852 repre·

347 875 463 943 hendit
487 891 520 943 et
545 881 592 943 eis
622 881 895 962 dampnacionem
925 883 1075 960 minatur,
1103 903 1163 966 pro
1194 885 1289 948 malis
1319 905 1451 949 suorum
1483 888 1699 963 subditorum,

346 1009 380 1062 et
410 1000 516 1063 bonos
546 1001 718 1084 episcopos
748 1001 809 1064 sibi
843 1003 1064 1080 commendat,
1094 1025 1154 1087 pro
1185 1005 1280 1068 bonis
1312 1006 1478 1069 laboribus
1508 1008 1592 1072 circa
1623 1011 1700 1072 sub·

345 1121 435 1184 ditos
462 1142 546 1198 suoS,
570 1131 607 1184 ut
634 1130 775 1185 testatur
803 1121 946 1185 Sanctus
970 1122 1156 1203 Jeronimus
1183 1145 1281 1207 super
1308 1125 1475 1190 Micheam
1503 1128 1699 1212 prophetam

345 1241 490 1324 capitulo
517 1251 625 1305 sexto.
673 1240 741 1305 Sed
768 1240 852 1305 sorte
878 1243 967 1318 dicis,
994 1243 1144 1307 ‘Bonum
1172 1244 1279 1308 habeo
1314 1241 1528 1310 substitutum
1561 1259 1594 1312 et
1624 1251 1700 1314 ideo

346 1382 412 1425 non
437 1382 515 1426 curo
540 1362 582 1426 de
604 1363 758 1426 absencia
781 1383 855 1426 mea
878 1384 898 1427 a
919 1363 1015 1439 cura,’
1037 1365 1094 1428 sed
1119 1365 1202 1428 scias
1225 1366 1315 1448 quod
1338 1368 1393 1449 qui
1417 1388 1476 1450 per
1497 1368 1597 1432 alium
1621 1369 1700 1435 lacit

345 1503 429 1564 opus
451 1503 536 1547 curae
559 1503 627 1546 suae
650 1503 766 1566 perse
788 1503 854 1546 non
876 1482 963 1562 facit,
987 1483 1046 1547 nisi
1070 1485 1248 1550 necessitas
1269 1505 1347 1549 vera
1369 1489 1412 1551 sit
1435 1489 1467 1550 in
1491 1508 1589 1553 causa
1613 1479 1700 1554 illius

344 1605 600 1680 substitucionis‚
627 1615 661 1668 et
687 1624 765 1666 vera
793 1604 948 1668 voluntas
974 1625 1033 1687 per
1065 1626 1101 1668 se
1131 1605 1272 1669 saciendi
1299 1607 1325 1670 si
1354 1621 1495 1689 posset:
1524 1611 1580 1691 qui
1610 1611 1698 1673 enim

345 1744 403 1806 per
425 1725 526 1787 alium
549 1724 636 1798 lacit,
660 1725 768 1807 ipsum
791 1725 947 1788 vicarium
970 1745 1067 1788 suum
1090 1725 1133 1789 ab
1156 1725 1310 1808 operibus
1335 1726 1431 1790 bonis
1457 1728 1601 1806 retrahit,
1624 1751 1699 1812 quae

345 1845 516 1928 perficeret
541 1847 567 1908 si
595 1845 774 1928 praesidens
800 1845 942 1908 officium
967 1866 1062 1909 suum
1091 1854 1179 1909 recte
1205 1855 1239 1909 et
1261 1867 1321 1930 per
1342 1867 1378 1909 se
1400 1848 1580 1930 perficeret.
1626 1850 1700 1915 Oza

344 1967 431 2029 enim
445 1966 570 2044 Levita,
583 1965 620 2048 ij⁰
632 1967 772 2050 Regum,
784 1978 882 2030 sexto
898 1966 1052 2051 capitulo,
1066 1986 1238 2048 percussus
1253 1967 1314 2030 suit
1329 1969 1372 2030 ad
1390 1979 1539 2040 mortem,
1551 1970 1698 2034 Domino

343 2086 406 2150 boc
436 2087 576 2164 volente,
606 2089 685 2170 quia
715 2107 780 2149 non
810 2087 954 2169 portavit
983 2085 1116 2150 archam
1148 2085 1285 2150 Domini
1315 2109 1414 2170 super
1443 2091 1591 2173 proprios
1621 2111 1699 2155 suos

343 2207 506 2280 humeros,
534 2217 567 2272 et
594 2208 669 2272 ideo
699 2208 826 2271 occisus
856 2207 925 2286 luit,
952 2217 989 2270 ut
1016 2217 1158 2271 testatur
1184 2206 1327 2274 Sanctus
1356 2209 1544 2290 Jeronimus
1572 2212 1699 2289 doctor,

343 2328 377 2392 in
403 2328 652 2410 Quaestionibus
678 2348 777 2412 super
808 2327 1091 2410 Paralipomenon,
1119 2337 1153 2391 et
1184 2327 1337 2411 Epistola
1363 2331 1571 2412 sexagesima
1600 2342 1699 2396 sexta

342 2449 385 2512 ad
414 2449 597 2514 Fabianum
628 2449 803 2512 diaconum
831 2448 982 2532 lapsum3
1017 2449 1043 2511 si
1069 2468 1147 2531 ergo
1174 2467 1234 2532 per
1258 2449 1359 2512 alium
1388 2451 1603 2515 substitutum
1627 2453 1699 2515 offi-

342 2572 429 2634 cium
448 2579 543 2634 tuum
562 2570 710 2654 impleas,
729 2569 843 2634 videas
864 2570 1093 2633 necessitatem
1116 2589 1217 2651 quare
1237 2579 1273 2633 tu
1297 2571 1367 2652 ipse
1392 2591 1456 2634 non
1481 2571 1569 2650 iacis,
1585 2573 1698 2637 videas

342 2693 432 2774 quod
449 2693 605 2774 requisita
625 2712 734 2756 coram
752 2692 827 2755 Deo
847 2691 913 2755 sint
934 2692 966 2753 in
982 2699 1040 2754 tuo
1061 2691 1242 2755 substituto
1262 2692 1350 2756 vices
1370 2701 1444 2756 tuas
1464 2693 1647 2776 supplente,
1664 2704 1699 2758 et

342 2814 417 2878 vide
432 2814 520 2896 quod
537 2823 573 2878 tu
595 2833 660 2876 non
683 2813 728 2876 sis
749 2815 886 2894 ignavus
906 2831 1026 2888 servus,
1042 2812 1122 2874 dum
1143 2821 1237 2874 tenes
1257 2811 1402 2875 officium
1420 2814 1520 2895 quod,
1538 2814 1565 2876 si
1585 2813 1699 2897 apcior

343 2943 376 2998 et
398 2934 514 2998 melior
531 2944 566 2998 te
581 2934 725 3008 haberet,
743 2932 847 2996 multo
866 2931 976 3016 plures
995 2942 1090 2995 actus
1105 2932 1211 2996 bonos
1232 2953 1343 2996 coram
1361 2934 1435 2998 Deo
1455 2934 1696 3017 multiplicaret,

342 3064 378 3118 ut
403 3056 508 3138 inquit
533 3055 675 3120 Sanctus
697 3054 885 3135 Jeronimus
908 3054 941 3116 in
966 3052 1118 3135 Epistola
1139 3052 1182 3115 ad
1208 3053 1426 3117 Heliodorum
1449 3056 1649 3138 episcopum.

384 3175 538 3239 Tercium
563 3174 686 3238 flumen
705 3173 887 3237 Babiloniae
910 3172 1118 3251 confusionis,
1134 3193 1287 3257 mergens
1309 3174 1451 3257 plurima
1473 3196 1575 3258 opera
1594 3175 1696 3240 virtu·

342 3307 413 3360 tum
430 3307 463 3361 et
475 3297 657 3370 destruens,
671 3304 721 3359 est
735 3294 905 3377 pluralitas
920 3294 1139 3370 ecclesiarum,
1154 3315 1211 3358 seu
1227 3297 1487 3378 praebendarum,
1499 3317 1556 3360 seu
1572 3296 1695 3359 officio·

342 3438 435 3495 rum;
458 3417 578 3498 legitur
598 3416 687 3479 enim
708 3416 750 3479 de
772 3415 892 3496 Moyse
910 3413 1000 3496 quod
1022 3414 1187 3478 Dominus
1207 3415 1318 3479 divisit
1338 3436 1421 3479 onus
1441 3416 1511 3498 ejus
1532 3416 1564 3478 in
1586 3415 1695 3498 plures

340 3539 447 3602 bonos
473 3547 507 3601 ct
533 3537 673 3601 scientes
699 3535 915 3616 coadjutores,
942 3544 979 3597 ut
1005 3555 1106 3616 opera
1136 3535 1199 3599 Dei
1227 3535 1405 3618 perfeccius
1432 3545 1465 3600 et
1494 3536 1610 3599 melius
1637 3555 1695 3618 per

340 3659 450 3741 plures
472 3659 637 3741 operarios
662 3676 758 3720 veros
780 3655 971 3737 perficeret3
1002 3665 1036 3718 et
1059 3655 1213 3720 dominus
1234 3657 1348 3735 vineae,
1372 3655 1513 3720 Matthei
1536 3655 1694 3719 vicesimo

341 3779 495 3862 capitulo,
520 3777 610 3842 misit
636 3777 745 3859 piures
768 3776 935 3860 operarios
960 3775 992 3837 in
1017 3776 1147 3838 vineam
1172 3795 1275 3854 suam,
1300 3786 1333 3840 et
1358 3796 1423 3838 non
1447 3795 1550 3838 unum
1576 3795 1693 3859 opera·

340 3901 422 3964 rium
450 3901 493 3963 ad
518 3898 720 3982 operandum
749 3896 781 3959 in
805 3896 941 3960 diversis
964 3896 1076 3972 vineis,
1101 3898 1179 3979 quia
1202 3897 1248 3960 sic
1272 3916 1356 3977 opus
1380 3905 1466 3960 esset
1490 3896 1693 3960 diminutum

340 4031 374 4084 et
390 4019 619 4102 imperfectum
636 4028 669 4081 et
690 4018 723 4080 in
744 4017 892 4099 pluribus
913 4016 994 4079 locis
1008 4017 1176 4079 vinearum
1193 4016 1427 4080 detrimentum
1448 4025 1583 4099 propter
1598 4035 1692 4078 suam

340 4141 574 4224 impotentiam
591 4150 625 4204 et
640 4138 827 4203 desectum:
851 4138 926 4201 ideo
943 4136 1107 4200 Dominus
1122 4135 1270 4200 Actuum
1290 4136 1364 4218 xiij⁰
1379 4136 1474 4214 dixit,
1491 4135 1692 4220 ‘Segregate

341 4262 438 4326 michi
463 4261 601 4326 Paulum
625 4271 658 4325 et
683 4259 867 4323 Bamabam
892 4259 923 4320 in
948 4277 1032 4338 opus
1056 4257 1098 4319 ad
1122 4257 1210 4339 quod
1234 4257 1396 4338 assumpsi
1420 4256 1494 4334 eos,’
1514 4256 1574 4320 i.e.
1596 4278 1691 4339 sepa·

985 4375 1011 4424 K
1032 4378 1047 4422 2
