4338 4936
474 366 515 431 26
852 379 950 435 Loci
975 379 1005 432 a
1034 377 1157 432 trano
1194 373 1452 430 Vanrrnrunr,

474 589 606 675 penitus
619 586 707 660 mala
723 591 784 660 suit
801 597 994 661 relormacio
1010 595 1172 661 malorum
1183 613 1258 678 quae
1274 614 1318 656 ex
1331 591 1389 656 tali
1405 591 1591 675 provisione
1606 591 1830 673 sequebantur

474 713 508 776 in
533 714 597 778 isto
621 715 710 781 lacto
734 718 869 782 evidens
896 718 965 796 suit,
992 719 1068 800 quia
1099 737 1159 799 pro
1189 735 1292 797 parvo
1322 713 1411 776 malo
1442 711 1606 790 evitand0,
1636 732 1679 776 sc.
1706 711 1764 775 lite
1794 721 1830 776 et

474 835 608 898 accione
628 836 715 900 inter
735 838 817 902 istos
838 840 922 903 duos
941 847 1123 921 praetensos
1143 836 1287 899 decanos
1303 833 1427 898 lactum
1448 843 1498 896 est
1514 853 1671 915 magnum
1694 833 1830 910 malum,

474 973 519 1018 sc.
535 971 642 1020 caecus
663 958 836 1041 episcopus
855 959 1027 1024 ordinatus
1048 967 1108 1035 est,
1124 956 1181 1038 qui
1201 974 1326 1019 caecum
1348 952 1509 1037 populum
1529 953 1629 1016 ducet
1645 954 1678 1016 in
1697 952 1827 1017 foveam

474 1073 581 1157 culpae
602 1085 636 1140 et
656 1095 774 1160 prena,
790 1080 868 1162 quia
889 1078 1102 1143 manifestum
1122 1077 1185 1140 suit
1206 1076 1294 1157 quod
1314 1091 1420 1138 caecus
1440 1073 1502 1137 luit
1519 1073 1587 1137 vita
1608 1083 1642 1136 et
1665 1073 1697 1136 in
1720 1073 1829 1156 ignor·

474 1193 578 1274 ancia,
608 1205 642 1260 et
668 1197 702 1261 in
728 1199 818 1262 curia
843 1197 1019 1281 temporali
1044 1199 1077 1261 in
1108 1197 1174 1260 suis
1204 1193 1330 1260 deliciis
1356 1213 1486 1258 vacans
1536 1193 1600 1258 'Vae
1627 1195 1674 1257 eis
1694 1195 1755 1277 ‘qui
1779 1185 1830 1258 'ita

475 1313 717 1382 inconsiderate
735 1319 908 1384 conserunt
930 1319 1085 1384 ecclesias
1107 1327 1141 1382 et
1161 1315 1268 1381 officia
1291 1315 1349 1380 tali
1371 1314 1550 1380 conferenti
1570 1307 1704 1398 indigne
1727 1315 1829 1378 eccle-

474 1435 558 1499 siam
574 1455 632 1500 seu
649 1439 795 1521 regimen
811 1440 944 1523 populi!

563 1565 596 1634 [p
619 1565 690 1634 345]
736 1560 823 1625 Novi
850 1563 938 1625 enim
965 1579 1070 1642 nuper
1094 1559 1127 1623 in
1154 1553 1280 1640 Anglia
1306 1556 1458 1620 homines
1481 1556 1623 1638 pessime
1649 1565 1829 1639 promotos,
1858 1541 1860 1546 Α

475 1678 532 1758 qui
563 1677 748 1745 habuerunt
778 1681 948 1746 licenciam
979 1701 998 1744 a
1029 1701 1106 1763 rege
1138 1678 1285 1743 Henrico
1316 1687 1414 1741 sexto
1449 1686 1484 1741 ut
1516 1677 1704 1742 laborarent
1733 1687 1830 1759 papae

477 1795 633 1862 Romano
663 1820 723 1883 pro
752 1802 947 1884 provisione,
972 1810 1007 1865 et
1033 1800 1123 1883 quod
1149 1799 1240 1862 illam
1267 1807 1487 1880 acceptarent,
1510 1809 1545 1862 et
1572 1798 1618 1861 sic
1641 1819 1699 1881 per
1721 1797 1830 1880 provi·

475 1917 603 1982 sionem
636 1919 757 1986 factam
790 1922 909 1986 Romae
942 1921 975 1986 in
1005 1921 1122 1985 diebus
1154 1921 1235 1984 meis
1267 1919 1344 1983 lacti
1377 1927 1454 1982 sunt
1484 1918 1594 2000 plures
1621 1919 1765 2002 episcopi
1796 1929 1830 1981 et

475 2037 614 2104 abbates
640 2049 675 2106 et
700 2042 817 2106 decani
843 2043 913 2106 sine
940 2042 1104 2107 eleccione
1129 2059 1332 2123 quacunque,
1357 2049 1499 2121 excepta
1528 2039 1692 2104 eleccione
1722 2059 1830 2121 papae,

476 2177 551 2241 quae
574 2171 711 2226 vocatur
732 2163 884 2245 provisio.

563 2279 666 2345 Anno
690 2281 826 2350 Domini
850 2283 1008 2348 incarnati
1032 2282 1206 2346 millesimo
1226 2281 1554 2364 quadringentesimo
1575 2281 1830 2364 quadragesimo

475 2399 535 2483 vij⁰
565 2402 756 2485 praedicavit
789 2403 974 2468 Londoniae
1008 2405 1051 2467 ad
1089 2423 1219 2467 crucem
1257 2402 1453 2466 sanctissimi
1493 2402 1585 2466 Pauli
1626 2402 1830 2484 Reginaldus

476 2519 596 2598 Pecok,
627 2521 786 2588 Wallicus
822 2526 957 2608 origine,
987 2535 1021 2589 et
1053 2525 1229 2607 episcopus
1258 2522 1456 2587 Assavensis
1493 2525 1526 2587 in
1556 2521 1685 2601 Wallia,
1715 2532 1830 2605 postea

478 2637 685 2706 Cicistrensis
708 2644 890 2729 episcopus,
907 2645 963 2728 qui
986 2665 1045 2726 per
1068 2645 1250 2708 Henricum
1274 2653 1417 2718 sextum,
1434 2664 1545 2726 regem
1569 2653 1646 2708 tunc
1665 2643 1829 2726 juvenem,

477 2759 638 2827 instancia
661 2764 802 2828 duorum
824 2766 967 2830 virorum
993 2765 1097 2830 lactus
1125 2773 1176 2829 est
1203 2763 1326 2829 ibidem
1353 2764 1534 2848 episcopus,
1557 2765 1707 2848 quamvis
1733 2773 1831 2828 antea

476 2882 520 2945 ab
542 2883 666 2947 eisdem
688 2884 829 2950 multum
850 2887 961 2950 oditus
981 2886 1042 2950 suit
1058 2896 1092 2950 et
1108 2885 1281 2950 haereticus
1300 2895 1471 2968 reputatus
1486 2908 1506 2949 a
1523 2886 1644 2950 multis.
1692 2885 1831 2968 Scripsit

477 3002 566 3066 enim
590 3005 744 3070 continue
766 3007 861 3089 quasi
884 3028 944 3090 per
964 3007 1081 3090 viginti
1103 3027 1209 3070 annos
1231 3007 1314 3070 tales
1337 3007 1492 3071 materias
1519 3009 1550 3070 in
1578 3007 1689 3089 lingua
1710 3005 1831 3090 Angli-

477 3141 562 3188 cana
590 3144 634 3187 ex
660 3126 787 3208 quibus
815 3135 850 3191 ut
878 3127 1028 3206 creditur,
1054 3128 1196 3209 pessima
1227 3127 1315 3192 mala
1344 3127 1501 3206 oriuntur,
1525 3137 1559 3191 et
1585 3127 1832 3191 occasionaliter

477 3243 643 3324 orientur3
667 3241 724 3329 qui
746 3248 863 3311 doctor
880 3248 942 3311 suit
962 3249 995 3310 in
1018 3247 1153 3313 Oxonia
1173 3268 1232 3332 per
1251 3249 1395 3331 graciam
1415 3249 1603 3312 absurdam.
1640 3248 1830 3331 ¹Nunquam

478 3363 565 3427 enim
600 3367 770 3449 respondit
799 3367 895 3432 alicui
926 3368 1052 3432 doctori
1091 3389 1151 3452 pro
1189 3369 1294 3438 forma
1330 3389 1399 3445 sua,
1430 3379 1468 3434 ut
1500 3379 1586 3434 esset
1615 3370 1740 3448 doctor,
1771 3387 1830 3432 nec

478 3481 623 3568 aliquem
654 3496 765 3552 actum
792 3487 825 3551 in
855 3487 952 3553 scolis
982 3489 1059 3554 lecit
1090 3490 1122 3553 in
1153 3489 1298 3566 oxonia,
1322 3499 1500 3574 postquam
1528 3489 1650 3573 incepit
1677 3490 1710 3553 in
1737 3489 1830 3554 theo-

478 3604 575 3689 logia.
620 3605 677 3671 An
708 3617 824 3691 postea
854 3607 951 3674 faciet
981 3609 1125 3675 nescitur
1155 3631 1176 3675 a
1206 3612 1309 3675 nobis.
1358 3612 1421 3675 Per
1449 3633 1564 3676 omnes
1593 3631 1698 3676 annos
1727 3633 1748 3675 a
1777 3611 1831 3674 die

479 3725 678 3811 lncepcionis
700 3749 768 3792 suae
796 3730 828 3792 in
856 3729 990 3795 Oxonia
1014 3753 1118 3814 usque
1140 3733 1183 3795 ad
1206 3732 1295 3796 diem
1321 3733 1492 3816 praesentis
1514 3733 1682 3816 scriptura
1705 3731 1830 3794 nullum

478 3857 588 3912 actum
613 3847 689 3913 lecit
711 3849 932 3926 scolasticum,
957 3871 1016 3915 nec
1040 3850 1190 3934 legendo,
1212 3873 1273 3916 nec
1295 3854 1515 3937 praedicando,
1539 3873 1599 3918 nec
1622 3852 1832 3936 disputando,

479 3985 540 4032 nec
564 3968 825 4035 determinando.
871 3971 939 4035 Iste
963 3970 1167 4054 Reginaldus
1190 3974 1363 4056 episcopus
1385 3974 1570 4058 pradictus,
1590 3974 1773 4056 praedicans
1795 3981 1832 4036 ut

479 4087 650 4171 praesertur
670 4091 712 4153 ad
732 4110 861 4155 crucem
884 4090 997 4156 Sancti
1016 4091 1117 4170 Pauli,
1133 4093 1308 4157 affirmavit
1328 4103 1361 4157 et
1379 4096 1516 4158 asseruit
1538 4095 1569 4157 in
1591 4115 1651 4157 suo
1671 4113 1832 4169 sermone,

479 4217 513 4272 et
536 4229 595 4292 per
616 4209 806 4274 indenturas
829 4211 861 4274 in
887 4211 1075 4294 Anglicana
1097 4213 1256 4296 scriptura
1279 4213 1416 4298 scriptas
1438 4215 1574 4279 tradidit
1601 4215 1737 4279 diversis
1759 4221 1832 4297 per·¹
