4338 4936
729 345 834 401 Locf
855 345 885 400 E
915 343 1039 400 LIBRO
1077 342 1335 400 VERITATUM.
1670 341 1713 414 35

347 581 409 624 suo
424 571 559 644 gutture
581 561 672 642 quod
697 580 762 623 non
779 560 889 642 p'otuit
912 580 970 623 nec
989 560 1076 623 bene
1097 560 1187 643 loqui
1210 580 1270 624 nec
1291 559 1456 643 deglutire
1479 567 1513 621 et
1528 558 1575 621 sic
1591 558 1711 620 morie·

347 680 455 746 batur.
512 681 677 745 Homines
708 682 797 743 enim
828 690 909 744 tunc
935 680 1144 745 crediderunt
1175 682 1265 763 quod
1293 681 1386 744 Deus
1417 679 1531 762 ligavit
1561 678 1710 758 linguam

348 800 420 882 ejus
443 803 476 865 in
492 823 552 865 sua
573 802 778 876 necessitate,
796 801 875 882 quia
896 811 975 865 tunc
994 800 1110 884 ligavit
1129 801 1257 885 linguas
1275 803 1368 885 quasi
1384 802 1534 865 omnium
1549 797 1709 882 praedica·

347 930 458 985 torum
475 932 610 1006 propter
621 943 744 1004 paucos
760 921 933 985 haereticos
948 923 1005 1004 qui
1022 932 1102 986 tunc
1117 943 1138 985 a
1153 923 1389 1005 praedicatione
1402 921 1533 984 fuerunt
1549 917 1710 1002 suspensi,

345 1051 383 1106 et
409 1043 553 1126 episcopi
581 1043 651 1126 jam
675 1043 889 1126 indignantur
911 1043 1002 1125 quod
1033 1042 1183 1106 homines
1206 1043 1330 1120 dicunt,
1353 1041 1465 1107 ‘Talis
1495 1041 1612 1105 doctor
1641 1057 1710 1108 non

348 1165 521 1246 episcopus
547 1167 675 1248 optime
701 1165 870 1247 praedicat,
894 1164 953 1228 sed
977 1165 1151 1246 episcopus
1173 1173 1286 1228 noster
1307 1184 1367 1228 nec
1391 1163 1453 1226 scit
1481 1182 1541 1226 nec
1565 1160 1637 1225 vult
1661 1160 1710 1226 ita

348 1285 539 1367 praedicare,
563 1287 666 1350 etsie
690 1285 816 1367 majora
836 1285 925 1348 bona
948 1283 1026 1349 iacit
1049 1305 1116 1350 non
1139 1284 1315 1368 episcopus
1336 1303 1437 1367 quam
1460 1276 1655 1366 episcopus'

342 1457 345 1464 .
435 1415 462 1482 [p
493 1414 564 1480 gan]
620 1406 807 1488 Episcopus
844 1404 1053 1479 Assavensis‚
1091 1415 1210 1488 postea
1243 1403 1468 1483 Cicestrensis,
1500 1400 1708 1486 Reginaldus

350 1523 468 1603 Pecok,
488 1525 647 1590 Wallicus
666 1526 800 1608 origine,
822 1527 878 1606 qui
902 1525 1095 1607 praedicavit
1117 1525 1300 1589 Londoniis
1316 1525 1349 1589 in
1371 1525 1444 1588 loco
1467 1525 1571 1588 crucis
1591 1521 1707 1588 Sancti

350 1646 442 1709 Pauli
465 1647 608 1729 apostoli
627 1647 716 1729 quod
736 1646 883 1728 episcopi
907 1647 939 1708 in
963 1666 1063 1728 quam
1087 1647 1233 1729 episcopi
1256 1667 1323 1711 non
1341 1655 1497 1710 tenentur
1518 1644 1707 1728 praedicare‚

350 1776 388 1830 ut
413 1768 477 1832 iste
503 1768 664 1830 terminus
693 1767 874 1848 praedicare
900 1767 1062 1849 accipitur
1087 1767 1120 1830 in
1144 1788 1242 1831 sensu
1272 1789 1330 1831 seu
1357 1765 1542 1849 significato
1568 1764 1708 1843 famoso,

348 1897 465 1970 postea
489 1888 576 1951 dixit
603 1897 637 1951 et
663 1887 811 1965 asseruit,
830 1897 867 1950 ut
894 1887 993 1951 michi
1020 1888 1108 1952 dixit
1132 1909 1211 1952 suus
1235 1887 1435 1971 Capellanus
1460 1887 1625 1970 Magister
1647 1885 1706 1966 Jo-

344 2007 477 2071 hannes
502 2007 592 2080 Ode,
619 2009 710 2090 quod
741 2007 887 2090 episcopi
917 2016 1073 2072 tenentur
1102 2010 1290 2092 praedicare,
1317 2009 1377 2073 ie.
1402 2008 1559 2072 veritates
1586 2005 1707 2070 divinae

349 2130 519 2211 scripturae
541 2127 673 2210 publice
697 2128 806 2191 dicere
829 2137 863 2192 et
885 2128 1069 2204 ostendere,
1094 2131 1153 2194 sed
1178 2151 1244 2194 non
1267 2140 1429 2208 tenentur,
1451 2138 1488 2192 ut
1512 2128 1583 2210 ipse
1610 2125 1707 2200 dixit,

348 2249 529 2331 praedicare
559 2248 659 2311 modo
689 2268 795 2329 nuper
823 2249 955 2328 usitato,
984 2270 1028 2316 sc.
1060 2252 1254 2333 accipiendo
1284 2251 1398 2315 thema
1424 2258 1458 2313 et
1488 2247 1708 2312 introduccio·

349 2389 425 2434 nem
445 2378 479 2433 et
502 2369 697 2432 divisionem
718 2368 877 2432 thematis
892 2368 1007 2444 facere,
1025 2372 1083 2434 sed
1103 2381 1259 2436 tenentur
1281 2372 1460 2454 praedicare
1479 2370 1636 2433 veritates
1658 2368 1708 2431 di·

344 2490 434 2559 uinae
456 2490 626 2571 scriptura
648 2498 763 2572 aperte
786 2489 927 2552 dicendo
950 2499 984 2554 et
1007 2490 1215 2571 declarando,
1238 2501 1276 2555 ut
1300 2492 1388 2555 dixit
1415 2491 1503 2555 idern
1534 2489 1709 2571 episcopus

349 2612 434 2674 sicut
456 2610 555 2674 michi
574 2610 661 2673 dixit
682 2610 860 2692 praedictus
877 2611 1036 2694 magister
1051 2612 1132 2678 Orle
1154 2633 1256 2676 sacrae
1276 2611 1455 2694 theologiae
1474 2609 1709 2686 baccalaurius,

348 2741 384 2794 et
399 2741 525 2812 postea,
545 2740 581 2794 ut
598 2729 697 2795 michi
715 2731 843 2810 dicitur,
862 2733 952 2795 idem
968 2732 1143 2816 episcopus
1166 2733 1358 2816 praedicavit
1381 2740 1414 2796 et
1437 2731 1607 2815 praedicari
1630 2728 1708 2793 iecit

350 2852 384 2914 in
404 2873 464 2915 sua
487 2852 609 2915 diocesi
633 2853 679 2914 ita
700 2852 789 2934 quod
811 2852 913 2934 aliqui
936 2852 1147 2932 mirabantur,
1168 2853 1326 2931 dicentes,
1342 2853 1533 2935 ‘episcopus
1555 2852 1618 2914 iste
1637 2849 1707 2932 jam

349 2972 508 3054 praedicat
538 2972 670 3055 publice
700 2983 736 3036 ut
762 2975 917 3037 ostendat
942 2973 1030 3037 sacto
1060 2995 1121 3038 suo
1148 2974 1347 3038 contrarium
1379 2972 1465 3036 illius
1495 2971 1585 3054 quod
1616 2970 1706 3053 prius

350 3093 439 3158 dixit
460 3114 521 3158 suo
542 3090 665 3158 verbo.'

437 3222 471 3290 [p.
494 3223 563 3288 386]
608 3214 711 3278 Anno
735 3215 871 3279 Domini
901 3215 980 3297 Jesu
1012 3221 1083 3278 rntuo
1112 3235 1186 3278 cccc
1217 3215 1494 3297 quinquagesimo
1517 3212 1554 3296 ij⁰
1584 3220 1617 3276 et
1648 3208 1706 3292 iij⁰‚

351 3344 502 3412 rectores,
527 3335 646 3407 vicarii,
678 3346 711 3398 et
741 3337 930 3400 sacerdotes
960 3339 992 3399 in
1019 3335 1149 3412 Wallia,
1177 3333 1339 3398 habentes
1364 3334 1563 3398 concubinas
1593 3350 1706 3398 secum

351 3456 384 3518 in
406 3454 561 3518 domibus
581 3474 695 3518 eorum
716 3467 960 3521 commorantes
983 3457 1141 3520 dixerunt
1162 3455 1318 3538 episcopo
1341 3475 1410 3532 suo,
1426 3453 1628 3533 Menevensi,
1646 3455 1706 3518 i.e.

350 3573 466 3639 Sancti
490 3575 609 3653 David,
633 3575 704 3658 ejus
726 3597 847 3640 nomen
873 3577 934 3641 fuit
958 3577 1012 3640 De
1033 3576 1068 3640 la
1089 3576 1174 3640 Bere
1183 3573 1203 3654 ¹,
1227 3573 1276 3639 ‘O
1300 3575 1435 3638 domine
1461 3574 1624 3656 episcope,
1647 3593 1708 3638 nos

352 3695 540 3759 sacerdotes
571 3696 711 3760 diocesis
736 3707 855 3761 vestrae
886 3697 1006 3761 timore
1033 3697 1097 3760 Dei
1129 3696 1220 3760 ducti
1251 3705 1285 3760 et
1316 3705 1406 3758 metu
1434 3715 1542 3776 poenae
1573 3705 1707 3759 aeternae

351 3815 470 3880 suturae
507 3819 744 3899 peccatoribus,
782 3819 1007 3902 supplicamus
1045 3819 1236 3900 paternitati
1273 3825 1400 3894 vestrae‚
1437 3825 1474 3879 ut
1510 3807 1708 3880 auctoritate

351 3947 461 4000 vestra
488 3937 669 4020 pontificali
699 3939 826 4004 faciatis
856 3961 913 4004 seu
945 3939 1151 4022 compellatis
1174 3939 1375 4002 concubinas
1401 3945 1529 4000 nostras
1556 3937 1708 4001 recedere

351 4069 386 4122 et
417 4060 448 4122 in
479 4069 676 4142 perpetuum
706 4063 849 4144 separari
879 4083 899 4124 a
930 4061 1025 4124 nobis
1058 4070 1091 4124 et
1122 4081 1142 4124 a
1171 4059 1325 4124 domibus
1355 4059 1496 4133 nostris3
1529 4078 1591 4123 nos
1618 4059 1708 4122 enim

591 4194 598 4222 ¹
616 4194 760 4260 Previously
773 4197 843 4246 Dean
857 4196 886 4246 oi
895 4196 981 4246 Wells.
1018 4196 1111 4260 Bishop
1123 4195 1152 4244 oi
1160 4197 1184 4245 S.
1198 4194 1311 4256 David’s,
1325 4191 1478 4260 1447-1460.

1003 4294 1023 4342 F
1042 4297 1059 4344 2
