4322 4936
655 379 663 396 '
697 387 793 442 [σε]
821 388 851 441 Ε
880 387 1006 442 alano
1041 387 1299 445 Venrnrrurr.
1620 396 1657 460 19
1660 390 1680 460 5

324 605 471 688 priantur
500 605 607 669 officio
638 626 694 668 seu
725 603 880 686 dignitati
911 602 1095 668 cancellarii
1120 603 1345 681 Eboracensis,
1373 625 1456 686 quos
1486 604 1618 681 fructus,
1649 601 1679 666 si

323 726 537 791 cancellarius
566 725 711 808 recipiat,
734 725 846 789 vicarii
876 733 910 788 et
936 725 1040 788 curati
1068 723 1197 787 illarum
1224 726 1363 788 duarum
1392 724 1600 789 ecclesiarum
1630 723 1677 788 sic

323 867 529 912 annexarum
545 846 739 910 cancellario
760 845 919 927 praedicto
935 844 1035 908 nichil
1055 843 1226 908 habebunt
1241 845 1293 908 vel
1316 865 1433 928 parum
1453 846 1541 909 unde
1557 846 1679 923 vivant,

324 979 359 1033 et
388 971 443 1047 sic,
469 989 522 1032 me
554 979 720 1044 renuente,
748 967 865 1030 doctor
887 965 1073 1029 Willelmus
1105 966 1261 1030 Mourton
1293 966 1354 1031 suit
1382 967 1426 1029 ibi
1456 965 1676 1032 cancellatim.

326 1090 357 1156 Ο
379 1089 524 1153 Domine
543 1089 653 1152 Deus!
681 1087 817 1150 infinitae
841 1087 1071 1149 misericordiae
1094 1097 1127 1150 et
1148 1086 1297 1168 justiciae,
1314 1087 1459 1169 justifica
1480 1087 1678 1169 accipientes

325 1231 419 1276 curas
440 1212 624 1274 animarum
646 1219 679 1272 et
703 1209 791 1291 ipsas
813 1208 917 1271 eciam
941 1217 1114 1270 renuentes
1137 1229 1180 1270 ex
1201 1209 1308 1272 causis
1330 1209 1390 1272 tibi
1414 1208 1510 1272 notis.
1554 1207 1677 1271 Arnen.

326 1333 486 1396 Domini
528 1330 710 1394 mundani
749 1329 813 1411 qui
855 1329 1106 1410 promovetis,
1143 1349 1211 1392 seu
1250 1330 1383 1392 verius
1423 1330 1470 1393 ad
1508 1337 1676 1393 vestram

325 1454 647 1535 dampnacionem
671 1459 710 1514 et
731 1450 943 1513 animarum
965 1448 1129 1531 plurium
1151 1449 1432 1513 detrimentum
1458 1451 1679 1529 intenditis,

326 1573 455 1638 malos
478 1584 516 1637 et
539 1573 688 1636 inscios
710 1571 748 1634 in
771 1570 913 1634 officiis
936 1579 975 1633 et
998 1571 1036 1632 in
1060 1569 1257 1648 ecclesiis,
1279 1569 1361 1632 haec
1385 1578 1545 1636 notatet

412 1705 445 1771 [p.
462 1703 533 1771 538]
570 1701 733 1757 Potestas.
780 1691 893 1754 Plures
915 1692 1063 1754 nesciunt
1085 1711 1159 1773 quae
1186 1693 1381 1769 concedunt,
1404 1713 1464 1756 nec
1488 1714 1563 1776 quae
1588 1691 1676 1756 mala

326 1823 570 1897 consequuntur
599 1834 710 1878 coram
736 1812 811 1876 Deo
838 1831 882 1875 ex
912 1811 986 1893 lege
1015 1811 1072 1875 illa
1097 1811 1151 1874 vel
1181 1833 1225 1875 ex
1255 1813 1464 1877 concessione
1494 1813 1563 1893 tali,
1592 1815 1677 1878 sicut

327 1946 441 2001 notum
466 1947 516 2000 est
536 1955 642 2018 nuper
663 1935 696 1997 in
719 1943 871 2015 tempore
892 1932 1033 2014 Eugenii
1057 1952 1153 2015 papae
1176 1932 1231 2014 iiij,
1250 1933 1339 2015 quod
1362 1955 1445 1999 unus
1464 1933 1603 2016 juvenis
1625 1955 1675 1998 xx

326 2078 495 2131 annorum,
519 2056 636 2120 habuit
659 2053 706 2138 xij
733 2053 928 2136 praebendas
955 2063 987 2116 et
1012 2053 1181 2116 licenciam
1205 2053 1353 2135 ejusdem
1380 2075 1476 2137 papae
1502 2065 1539 2118 ut
1564 2065 1677 2138 posset

327 2178 470 2260 recipere
496 2187 531 2242 et
552 2178 692 2240 retinere
715 2176 797 2239 dum
824 2175 949 2238 viveret
973 2194 1179 2256 quaecunque
1204 2174 1272 2237 duo
1298 2175 1456 2239 beneficia
1483 2177 1679 2262 incompati-

326 2299 414 2376 bilia,
440 2299 604 2374 rectorias,
632 2317 689 2360 seu
719 2295 866 2369 vicarias,
896 2313 953 2358 seu
984 2293 1277 2370 archidiaconatus,
1308 2315 1367 2358 seu
1397 2296 1587 2372 decanatus,
1619 2318 1677 2361 seu

326 2439 539 2502 quascunque
559 2418 643 2482 duas
662 2416 743 2480 alias
763 2415 943 2497 dignitates
962 2414 1254 2496 incompossibileS,
1270 2415 1351 2480 citra
1371 2417 1619 2499 episcopatum3
1644 2428 1678 2484 et

326 2550 459 2604 tanturn
483 2539 538 2603 ille
557 2539 646 2603 idem
664 2537 796 2620 juvenis
822 2535 883 2599 iuit
905 2557 926 2599 a
948 2545 1098 2619 tempore
1118 2535 1301 2617 juventutis
1323 2535 1434 2601 fatuus
1463 2538 1557 2620 quasi
1584 2549 1679 2604 natu·

327 2660 447 2740 raliter,
469 2681 530 2724 nec
561 2659 653 2724 novit
683 2679 827 2740 congrue
857 2657 946 2740 loqui
975 2656 1132 2719 Latinum
1164 2677 1224 2720 nec
1255 2657 1401 2740 linguam
1427 2669 1621 2738 maternam,
1643 2670 1679 2726 et

326 2782 430 2846 laicus
445 2782 537 2846 dives
557 2791 592 2844 et
611 2789 734 2862 nuptus
756 2777 880 2859 recepit
901 2777 1013 2840 omnia
1034 2777 1095 2841 sibi
1118 2779 1320 2860 pertinencia
1342 2799 1386 2842 ex
1410 2779 1579 2844 beneficiis
1601 2782 1678 2857 suis,

327 2904 384 2986 qui
406 2904 499 2968 dedit
522 2902 551 2966 ei
575 2910 609 2965 et
630 2900 735 2964 tribus
761 2898 893 2962 famulis
919 2898 1068 2980 ejusdem
1087 2898 1217 2980 juvenis
1241 2909 1277 2964 ut
1300 2899 1458 2982 placitum
1486 2899 1547 2964 suit
1570 2902 1678 2966 eidem

327 3026 397 3089 viro
423 3022 560 3088 seculari
583 3021 762 3094 annuatim,
791 3019 847 3102 qui
870 3019 973 3082 laicus
1002 3018 1126 3100 recepit
1153 3027 1186 3083 et
1213 3020 1348 3085 retinuit
1377 3021 1525 3085 redditus
1547 3022 1678 3086 illarum

328 3145 581 3229 praebendarum
608 3152 642 3206 et
669 3141 779 3224 magni
810 3139 1116 3222 archidyaconatus,
1139 3149 1173 3204 et
1195 3141 1284 3204 idem
1307 3139 1437 3222 juvenis
1464 3162 1530 3206 non
1558 3143 1678 3208 mansit

329 3267 361 3329 in
388 3265 500 3349 aliqua
523 3263 703 3348 praebenda
729 3283 797 3337 sua,
822 3281 881 3325 nec
906 3261 1050 3344 aliquam
1074 3259 1204 3324 illarum
1227 3262 1368 3343 reparari
1391 3261 1468 3326 fecit
1490 3283 1551 3326 nec
1573 3263 1679 3328 archi-

328 3389 552 3470 dyaconatum
578 3404 675 3448 suum
701 3381 846 3446 visitavit
875 3402 936 3464 per
964 3381 1074 3463 plures
1103 3401 1218 3444 annos.
1273 3382 1370 3445 Heu!
1404 3381 1487 3448 heu!
1533 3382 1679 3449 Domine

330 3509 443 3573 Deust
475 3507 553 3590 quia
579 3526 657 3570 eura
682 3504 866 3568 animarum
889 3501 959 3585 jam
987 3503 1072 3584 perit
1101 3522 1162 3583 per
1190 3501 1313 3565 malam
1340 3503 1596 3584 promocionem,
1620 3525 1680 3589 per

330 3649 396 3693 non
427 3627 651 3704 residenciam,
683 3635 716 3690 et
739 3623 949 3689 ecclesiarum
973 3622 1279 3704 appropriacionem
1305 3643 1361 3686 seu
1388 3623 1619 3702 annexionem,
1646 3635 1680 3690 et

329 3750 424 3834 quasi
450 3770 567 3812 omnes
594 3746 739 3812 ecclesiae
769 3743 974 3828 parochiales
1003 3744 1225 3826 appropriata:
1255 3753 1332 3808 sunt
1359 3743 1430 3825 jam
1457 3745 1616 3828 religiosis
1646 3757 1680 3812 et

330 3871 444 3954 paucis
470 3868 625 3951 collegiis,
650 3877 684 3932 et
710 3887 776 3931 non
803 3876 880 3930 sunt
907 3866 1055 3930 ecclesiae
1078 3865 1148 3948 jam
1175 3865 1365 3929 sufficientis
1390 3866 1497 3931 victus
1527 3879 1561 3931 et
1582 3868 1680 3932 dota·

330 3991 433 4056 cionis
468 3991 501 4052 in
533 3989 652 4072 quibus
684 3988 814 4051 honesti
845 3988 1031 4051 sacerdotes
1068 3997 1102 4050 et
1136 3986 1287 4051 doctores
1323 4008 1436 4051 curam
1465 3998 1589 4069 gerent,
1620 4009 1681 4054 nec

330 4112 495 4177 sufficiunt
516 4110 586 4192 jam
610 4119 752 4173 rectores
775 4128 834 4172 nec
860 4107 971 4172 vicarii
998 4106 1156 4172 exhibere
1175 4107 1312 4190 juvenes
1334 4109 1377 4172 ad
1400 4109 1556 4186 studium,
1579 4119 1612 4173 et
1634 4110 1681 4175 sic

331 4236 416 4317 perit
442 4231 582 4297 sciencia
609 4241 642 4294 et
666 4251 761 4294 verus
787 4228 902 4294 clerus.
960 4229 1034 4310 Ego
1055 4230 1152 4307 enim,
1175 4231 1231 4312 qui
1258 4229 1329 4295 haec
1356 4230 1477 4314 scripsi,
1499 4229 1543 4293 lui
1566 4231 1683 4295 doctor

960 4347 980 4394 c
997 4352 1014 4395 c
1032 4349 1048 4396 2
