4338 4936
486 397 507 460 6
859 404 959 462 Locr
984 405 1014 460 a
1042 405 1167 460 trono
1202 369 1459 462 VERJTATUM.

489 621 705 687 Grawnthanr
731 629 850 685 vocata
875 619 1018 704 Anglice
1045 619 1154 697 Hoch‚
1180 631 1215 685 et
1241 621 1285 684 ibi
1316 623 1438 686 mansit
1466 631 1561 706 pater
1586 621 1665 705 ejus,
1692 623 1749 706 qui
1779 622 1841 687 suit

489 743 605 808 Gallus
628 763 685 806 seu
709 741 855 806 Francus
878 741 1023 815 nacione,
1040 750 1138 805 natus
1160 741 1192 804 in
1218 739 1335 820 Gallia,
1358 743 1413 825 qui
1437 743 1553 808 Petrus
1575 744 1756 809 associatus
1778 743 1841 808 suit

489 863 579 927 malo
600 861 746 927 heretico
770 861 939 944 Procopio,
964 861 996 924 in
1021 861 1127 943 Praga
1149 861 1321 943 principali
1344 861 1500 928 heretico.

576 992 613 1059 [p.
629 991 683 1055 61.]
716 981 889 1046 Abbathia
917 982 959 1046 de
984 981 1063 1063 Byri
1089 981 1121 1044 in
1147 990 1299 1064 tempore
1324 981 1484 1047 Willelmi
1510 983 1681 1050 Cratfe1d1
1707 985 1839 1050 abbatis

488 1105 632 1188 optinuit
661 1125 683 1168 a
712 1103 804 1186 Papa
829 1103 983 1166 Romano
1013 1101 1185 1166 licenciam
1214 1102 1357 1186 eligendi
1387 1103 1546 1169 abbatem
1576 1106 1840 1188 quandocunque

488 1225 592 1288 abbas
622 1233 802 1288 moreretur
827 1224 897 1286 sine
924 1243 1055 1286 recursu
1084 1223 1128 1286 ad
1158 1243 1303 1306 papam3
1335 1233 1435 1288 antea
1464 1226 1552 1288 enim
1583 1245 1650 1290 non
1679 1225 1840 1308 eligerunt

487 1346 645 1409 abbatem
677 1344 738 1407 nisi
769 1343 858 1426 prius
886 1342 1048 1407 haberent
1073 1342 1250 1425 specialem
1276 1343 1446 1408 licenciam
1473 1367 1493 1410 a
1519 1365 1607 1429 papa
1632 1345 1783 1430 eligendi,
1805 1355 1840 1410 et

489 1465 550 1528 nisi
581 1466 685 1530 eciam
715 1461 857 1547 quilibet
884 1464 1008 1527 electus
1037 1463 1287 1528 confirmaretur
1314 1465 1443 1544 Romae,
1468 1475 1502 1531 et
1527 1487 1588 1550 pro
1614 1468 1678 1531 ista
1703 1467 1840 1532 licencia

489 1586 633 1668 eligendi
665 1585 822 1649 abbatem
855 1583 926 1648 sine
962 1603 1092 1648 recursu
1127 1585 1171 1648 ad
1206 1583 1351 1648 Romam
1383 1586 1436 1651 vel
1469 1588 1513 1651 ad
1546 1609 1677 1671 papam,
1707 1587 1839 1651 solvunt

488 1706 636 1791 praedicti
664 1703 817 1770 monachi
847 1705 890 1768 de
916 1704 996 1786 Byri
1022 1704 1194 1768 annuatim
1219 1725 1270 1768 xx
1295 1705 1403 1786 libras,
1427 1716 1460 1771 et
1483 1707 1590 1772 eciam
1614 1708 1746 1773 solvunt
1769 1708 1838 1790 regi

487 1827 661 1892 annuatim
688 1847 739 1888 xx
766 1823 916 1889 marchas
941 1845 1001 1908 pro
1025 1824 1162 1889 licencia
1186 1824 1348 1890 retinendi
1371 1845 1432 1891 sua
1458 1829 1654 1912 temporalia
1680 1829 1712 1892 in
1737 1849 1838 1893 manu

489 1947 679 2012 monasterii
705 1956 782 2030 post
807 1956 947 2009 mortem
973 1943 1132 2028 cujusque
1157 1946 1296 2024 abbatis,
1320 1947 1422 2011 etad
1451 1949 1627 2014 solvendas
1652 1950 1732 2013 istas
1757 1970 1839 2032 pen·

488 2070 596 2132 siones
625 2066 918 2152 appropriaverunt
953 2066 1151 2129 monasterio
1183 2086 1244 2129 suo
1274 2066 1357 2130 duas
1386 2068 1541 2132 ecclesias
1569 2069 1775 2153 parochiales
1804 2077 1838 2132 et

487 2189 612 2254 habent
634 2188 810 2271 sexaginta
830 2207 893 2250 sex
915 2185 1070 2250 ecclesias
1092 2187 1140 2250 eis
1164 2187 1373 2268 pertinentes

575 2319 614 2387 [p.
631 2318 685 2382 62]
718 2309 836 2391 Nuper
859 2327 943 2370 unus
969 2327 1081 2370 comes
1108 2306 1274 2372 destruxit
1299 2328 1400 2372 unam
1423 2327 1579 2393 magnam
1607 2309 1780 2375 ecclesiam
1804 2319 1839 2374 et

487 2431 678 2516 parochiam
699 2429 732 2492 in
752 2428 816 2493 hoc
834 2429 923 2509 quod
943 2427 1166 2511 appropriavit
1186 2428 1275 2492 bona
1295 2428 1409 2496 debita
1429 2430 1563 2495 Rectori
1585 2431 1671 2495 illius
1693 2431 1838 2497 ecclesiae

488 2554 544 2616 uni
566 2549 750 2615 Abbathiae
777 2570 817 2613 ea
842 2549 1048 2626 intencione3
1079 2557 1116 2612 ut
1142 2548 1291 2630 quolibet
1315 2570 1403 2614 anno
1429 2551 1596 2616 celebrent
1621 2553 1780 2635 exequias
1804 2559 1838 2616 et

488 2675 625 2736 missam
647 2691 707 2755 pro
729 2670 840 2734 anima
862 2668 951 2752 ejus;
981 2679 1015 2733 et
1038 2667 1100 2751 ipsi
1122 2669 1243 2732 divites
1264 2669 1407 2753 religiosi
1431 2671 1573 2735 multum
1596 2672 1702 2736 dotati
1725 2671 1838 2736 comiti

488 2793 697 2870 benedicunt,
730 2801 765 2855 et
798 2789 988 2874 parochiani
1018 2789 1104 2852 illius
1133 2787 1279 2854 ecclesiae
1310 2791 1532 2874 appropriata
1566 2801 1601 2856 et
1630 2793 1751 2856 animae
1779 2813 1839 2877 per

487 2914 654 2980 defectum
676 2912 755 2976 boni
777 2911 880 2976 curati
903 2920 1079 2995 pereuntes
1098 2910 1127 2974 ei
1148 2910 1357 2989 maledicunt,
1373 2921 1408 2976 et
1425 2911 1535 2976 viduae
1557 2912 1638 2977 flent
1660 2923 1695 2978 et
1714 2913 1837 2994 dolent,

487 3045 522 3100 et
547 3034 690 3100 lacrimae
716 3053 828 3098 coram
858 3033 932 3096 Deo
957 3052 1093 3115 poenam
1118 3031 1231 3096 comiti
1258 3041 1433 3111 merentur,
1459 3033 1537 3116 quia
1563 3034 1646 3098 sicut
1676 3035 1706 3098 ei
1733 3034 1837 3099 male·

489 3157 613 3234 dicunt,
643 3156 689 3220 sic
718 3153 844 3217 habent
870 3153 994 3236 justam
1028 3171 1162 3216 causam
1192 3173 1251 3235 per
1280 3173 1381 3234 quam
1415 3153 1503 3217 idem
1539 3173 1651 3218 comes
1685 3154 1836 3219 maledici

487 3299 509 3342 a
544 3278 620 3340 Deo
656 3275 782 3348 meruit,
816 3293 857 3337 eo
892 3275 982 3356 quod
1017 3293 1076 3358 per
1110 3285 1221 3337 actum
1254 3293 1350 3336 suum
1386 3283 1421 3338 et
1455 3295 1515 3357 per
1545 3274 1635 3338 illam
1668 3277 1837 3359 appropri-

487 3400 637 3464 acionem
674 3398 769 3488 deest
808 3395 856 3458 eis
893 3395 1000 3458 bonus
1036 3402 1150 3477 pastor
1181 3404 1216 3457 et
1253 3403 1359 3457 rector
1395 3403 1429 3458 et
1466 3394 1625 3459 honestus
1660 3397 1767 3460 victus
1804 3406 1838 3461 et

487 3517 695 3602 hospitalitas
721 3517 754 3579 in
781 3514 936 3598 parochia
961 3523 995 3578 et
1020 3515 1111 3578 verbi
1137 3514 1201 3576 Dei
1231 3515 1435 3596 praedicacio,
1459 3524 1494 3579 et
1520 3535 1639 3579 sanum
1664 3526 1699 3581 et
1725 3537 1837 3582 neces-

487 3640 609 3704 sarium
642 3637 813 3702 consilium
846 3657 906 3719 pro
942 3635 1048 3699 salute
1082 3635 1276 3712 animarum,
1308 3645 1342 3700 et
1374 3635 1421 3701 sic
1456 3656 1516 3719 per
1545 3636 1653 3720 ipsum
1685 3647 1758 3702 orta
1787 3645 1838 3702 est

487 3762 559 3826 haec
581 3759 688 3843 gravis
710 3767 892 3840 tempestas
914 3756 1056 3839 plurium
1080 3755 1242 3819 malorum
1266 3756 1298 3818 in
1322 3755 1380 3820 illa
1401 3755 1565 3839 parochia.

574 3890 613 3956 [p.
629 3886 682 3954 65]
723 3885 868 3940 Abusus.
911 3875 960 3940 Ut
982 3875 1128 3939 ostendit
1150 3875 1267 3940 doctor
1289 3873 1474 3940 Willelmus
1494 3875 1673 3942 Wudsorth
1696 3878 1730 3941 in
1753 3877 1836 3942 libro

486 4012 601 4068 contra
627 3999 820 4080 Trialogum
846 3995 1009 4079 Wycliffe,
1037 3996 1086 4060 i.e.
1117 4005 1231 4060 contra
1264 3994 1301 4058 18
1328 3996 1556 4062 conclusiones
1582 3998 1748 4081 Wyclyfse
1777 4020 1836 4062 ex·

486 4133 609 4188 tractas
631 4141 651 4184 a
674 4119 830 4201 Trialogo
854 4118 997 4182 Oxoniae
1021 4127 1054 4181 et
1077 4116 1261 4181 Londoniae
1284 4117 1493 4201 dampnatas.

1072 4253 1078 4281 ¹
1100 4266 1251 4316 1390-1414.
