4338 4936
703 372 802 426 LOCI
828 373 857 424 E
886 373 1010 426 LIBRO
1046 373 1302 430 VERITATUM.
1643 379 1678 444 17

329 588 439 666 ruinae,
462 591 552 671 quod
580 591 773 674 exemplum
804 593 928 654 malum
959 593 1129 656 inductum
1159 593 1219 657 luit
1250 595 1283 656 in
1313 593 1473 676 Angliam
1503 614 1592 658 anno
1623 593 1683 657 Xti

332 708 424 788 1456,
445 710 639 775 licentiante
666 733 751 795 papa
785 711 910 776 Calisto
937 720 972 796 3⁰
999 723 1032 776 et
1060 713 1149 776 illam
1179 724 1373 796 acceptante
1400 711 1543 797 Georgio
1568 714 1684 791 Nevel,

331 827 399 892 filio
426 830 560 895 Ricardi
582 833 711 896 comitis
739 832 868 910 Sarum,
891 843 970 897 ωηο
996 833 1168 897 sacerdote
1195 845 1229 898 et
1257 835 1414 916 magistro
1440 835 1574 911 arcium,
1597 855 1685 916 papa
1716 851 1720 862 ·

332 951 420 1012 enim
451 951 505 1014 ille
531 973 642 1016 secum
668 953 869 1035 dispensavit
897 963 934 1016 ut
957 952 1094 1017 haberet
1124 954 1292 1018 licenciam
1324 954 1499 1036 colligendi
1529 956 1686 1037 pecunias

331 1069 541 1153 episcopatus
572 1073 714 1136 Exoniae
751 1074 809 1137 sed
841 1095 908 1137 non
941 1075 1031 1156 quod
1067 1083 1153 1138 esset
1189 1075 1363 1157 episcopus
1398 1085 1607 1138 consecratus
1633 1073 1684 1138 'ad

332 1187 506 1254 salvandas
530 1194 657 1257 animas
684 1215 855 1277 quousque
881 1195 951 1276 ipse
976 1203 1047 1256 tum
1074 1211 1114 1277 23
1141 1215 1246 1257 annos
1270 1196 1418 1258 existens
1440 1195 1618 1278 attingeret
1642 1196 1685 1258 ad

334 1327 374 1391 27
397 1332 520 1375 annum
543 1314 652 1377 aetatis
675 1335 752 1378 suae.

430 1441 458 1507 [p
490 1441 559 1506 322]
606 1434 721 1516 Nuper
751 1433 837 1496 enim
873 1433 1036 1497 Martinus
1066 1435 1201 1515 quintus
1231 1456 1318 1518 papa
1352 1435 1524 1499 Romanus
1559 1436 1688 1517 scripsit

335 1551 507 1635 Episcopis
544 1555 642 1617 michi
678 1555 764 1617 notis
800 1564 835 1616 ut
866 1565 972 1618 certas
998 1556 1252 1619 consuetudines
1282 1556 1386 1620 malas
1417 1566 1450 1620 et
1480 1566 1569 1619 certa
1599 1551 1688 1618 mala

334 1682 459 1736 statuta
482 1676 573 1756 regni
596 1675 727 1758 publice
752 1673 1036 1757 reprehenderent,
1059 1686 1092 1739 et
1115 1685 1230 1740 contra
1253 1697 1293 1740 ea
1315 1677 1531 1758 praedicarent
1554 1686 1587 1739 et
1610 1696 1687 1740 con-

334 1794 433 1857 traria
459 1804 583 1859 statuta
611 1796 642 1857 in
674 1795 893 1877 parliamento
921 1797 1011 1878 regni
1042 1796 1172 1858 decerni
1199 1806 1233 1860 et
1259 1796 1360 1860 statui
1389 1797 1584 1860 laborarent.
1642 1796 1687 1860 Et

335 1915 413 1996 quia
434 1915 577 1998 episcopi
600 1935 658 1979 nec
678 1915 750 1979 haec
771 1915 918 1980 lecerunt
941 1936 1001 1980 nec
1021 1916 1093 1979 haec
1113 1917 1183 1979 nusi
1206 1917 1313 1981 lacere
1335 1916 1466 1980 luerunt
1488 1917 1577 1980 idem
1601 1938 1688 1999 papa

336 2033 500 2098 Martinus
530 2036 829 2099 excommunicavit
856 2057 912 2098 cos
944 2045 977 2099 et
1007 2035 1289 2119 archiepiscopum
1319 2035 1590 2100 Cantuariensem
1617 2057 1688 2098 sus-

335 2155 451 2236 pendit
474 2175 494 2217 a
516 2176 575 2218 sua
599 2155 732 2238 legacia,
749 2176 814 2237 qua
837 2165 887 2219 est
910 2155 1040 2237 legatus
1063 2165 1161 2220 natus
1184 2157 1217 2219 in
1239 2155 1366 2238 Anglia
1386 2157 1445 2220 sed
1469 2176 1534 2219 non
1559 2154 1688 2238 legatus

336 2275 464 2338 missus.
524 2275 570 2339 Et
600 2285 679 2339 tunc
713 2277 858 2358 episcopi
893 2277 1049 2340 dixerunt
1079 2275 1177 2358 plane
1211 2277 1300 2357 quod
1332 2277 1505 2340 concilium
1535 2275 1689 2357 generale

337 2394 399 2458 luit
421 2416 520 2477 supra
543 2417 674 2478 papam,
697 2407 731 2460 et
753 2396 828 2459 idco
851 2417 871 2459 a
894 2417 981 2478 papa
1003 2396 1252 2478 appellaverunt
1275 2399 1319 2461 ad
1342 2397 1514 2460 consilium
1537 2396 1690 2478 generale

337 2516 492 2596 proximo
527 2527 603 2598 post
638 2526 717 2580 tunc
747 2517 988 2589 celebrandum,
1020 2517 1169 2598 quamvis
1199 2516 1321 2598 pluries
1350 2527 1450 2580 antea
1479 2525 1689 2580 mutaverunt

337 2637 539 2699 sentenciam
572 2657 675 2716 suam,
706 2638 853 2701 dicentes
882 2639 972 2719 quod
1009 2636 1147 2719 quilibet
1182 2658 1270 2720 papa
1305 2647 1355 2701 est
1390 2657 1490 2719 super
1519 2637 1690 2700 consilium

338 2756 491 2838 generale
514 2767 550 2820 et
573 2757 652 2821 illud
677 2767 788 2840 potest
812 2758 856 2820 ad
884 2757 1013 2821 libitum
1040 2779 1136 2821 suum
1163 2758 1350 2836 dissolvere,
1375 2769 1411 2822 ut
1435 2757 1495 2840 ipsi
1522 2757 1689 2820 dixerunt.

340 2875 385 2939 Et
416 2877 504 2940 idem
535 2898 623 2960 papa
650 2877 813 2941 Martinus
839 2877 921 2951 obiit
947 2877 1031 2942 infra
1061 2879 1159 2943 breve
1189 2890 1330 2960 tempus,
1355 2889 1388 2942 et
1415 2859 1489 2941 ideo
1519 2879 1584 2940 noh
1615 2875 1691 2940 tulit

341 2999 543 3062 sentenciam
568 2998 732 3062 interdicti
755 3018 857 3081 quam
884 2999 1034 3080 promisit
1060 3020 1096 3062 se
1121 2998 1288 3063 illaturum
1317 3009 1430 3062 contra
1456 3018 1603 3080 regnum,
1630 2997 1690 3059 nisi

339 3127 429 3182 certa
452 3118 541 3182 mala
564 3128 597 3182 et
619 3129 745 3183 statuta
769 3119 1022 3183 reformarentur
1045 3121 1077 3182 in
1101 3140 1202 3202 regno
1225 3119 1368 3200 Angliae,
1386 3130 1419 3182 et
1442 3139 1501 3181 rex
1527 3117 1691 3180 Henricus

340 3237 467 3302 Sextus
504 3249 582 3302 tunc
619 3238 680 3302 suit
718 3240 750 3302 in
787 3250 887 3304 aetate
924 3241 1048 3322 puerili,
1077 3249 1110 3303 et
1146 3241 1409 3322 archiepiscopus
1448 3237 1692 3302 Cantuariensis

344 3358 507 3422 Henricus
535 3358 693 3423 Chichele
717 3361 834 3424 doctor
856 3359 938 3442 juris
972 3361 1075 3424 civilis
1105 3371 1138 3424 et
1168 3361 1238 3422 dux
1270 3359 1462 3423 Glocestriae
1495 3357 1692 3420 Humsridus

343 3478 545 3544 Lancastriae
570 3481 625 3561 qui
656 3490 773 3561 postea
799 3491 963 3545 arestatus
993 3481 1074 3544 obiit
1105 3480 1137 3543 in
1165 3479 1386 3543 Parliamento
1410 3479 1496 3542 villae
1523 3480 1566 3541 de
1591 3477 1692 3558 Byry‚

343 3600 375 3662 in
406 3620 472 3681 quo
503 3619 598 3682 paene
628 3599 718 3664 nulla
748 3600 966 3682 parliamento
997 3600 1198 3684 pertinencia
1229 3599 1421 3682 agebantur,
1446 3609 1525 3662 tunc
1556 3617 1693 3679 regnum

342 3719 477 3802 Angliae
504 3719 727 3803 principaliter
752 3721 983 3803 gubernabant
1008 3741 1083 3784 cum
1108 3720 1179 3784 aliis
1207 3720 1369 3802 episcopis
1393 3729 1426 3782 et
1449 3718 1591 3781 dominis
1615 3736 1692 3780 con-

342 3841 472 3905 ciliariis
495 3841 598 3922 regni.

430 3965 464 4036 [p.
491 3969 558 4036 3²4]
597 3958 652 4025 Sic
686 3961 830 4026 creditur
855 3961 926 4044 jam
957 3962 1047 4044 quod
1074 3961 1193 4025 diversi
1225 3972 1259 4024 et
1290 3959 1402 4042 magni
1433 3960 1466 4022 in
1492 3959 1618 4021 mundo
1648 3957 1695 4020 ita

343 4091 532 4146 averterunt
558 4101 593 4144 se
617 4103 637 4146 a
660 4080 799 4145 veritate
828 4083 919 4165 prius
949 4081 996 4146 eis
1023 4083 1136 4163 agnita
1163 4081 1205 4146 ad
1232 4081 1419 4162 voluptates
1445 4099 1522 4142 suas
1548 4076 1695 4141 camales

344 4212 378 4266 et
403 4202 445 4266 ad
471 4202 657 4266 mundanos
683 4201 824 4265 honores
851 4203 940 4285 quod
968 4213 1023 4266 aut
1053 4224 1127 4266 vcra
1152 4200 1391 4267 consideranda
1416 4219 1481 4262 non
1509 4197 1696 4280 intelligunt

1009 4320 1032 4367 u
