4322 4936
475 408 539 457 210
853 403 953 459 LOCI
978 404 1008 458 E
1035 404 1160 460 LIBRO
1195 405 1454 464 VERITATUM.

476 619 566 700 quod
586 618 675 683 dicta
694 619 784 684 beati
801 618 959 702 Gregorii,
977 619 1108 684 Omelia
1126 620 1175 697 26,
1192 641 1256 685 non
1276 631 1367 686 stant
1385 622 1492 684 simul.
1527 621 1559 686 O
1575 641 1676 704 quam
1692 622 1827 706 vilipen-

474 739 576 803 dendi
603 749 680 803 sunt
703 739 790 804 illius
818 740 927 804 Pecok
954 761 1132 818 sermones,
1157 742 1213 824 qui
1240 742 1288 805 ita
1312 741 1486 825 vilipendit
1515 762 1609 806 sacra
1638 743 1828 806 testimonia

476 859 590 926 Sancti
617 881 713 944 papae
737 860 904 945 Gregorii!
951 861 1066 926 Sancti
1093 864 1153 926 viri
1178 873 1212 926 et
1243 863 1364 947 egregii
1395 863 1548 928 doctores
1578 864 1828 930 declaraverunt

475 981 680 1047 intellectum
706 1003 823 1046 sanum
851 994 886 1047 et
916 984 1081 1048 intentum
1107 984 1246 1048 aliorum
1273 986 1447 1050 doctorum
1474 987 1507 1048 in
1534 987 1600 1050 suis
1630 987 1768 1068 scriptis,
1792 995 1828 1049 ut

473 1103 621 1167 declarat
651 1124 723 1167 esse
751 1125 864 1167 verum
893 1104 957 1168 hoc
991 1105 1117 1169 dictum
1146 1104 1261 1169 Sancti
1293 1104 1451 1189 Gregorii,
1483 1106 1601 1170 ‘Fides
1631 1127 1697 1171 non
1727 1106 1828 1170 habet

475 1224 630 1288 meritum
657 1225 708 1288 cui
732 1223 878 1288 humana
903 1225 990 1289 racio
1014 1227 1141 1309 praebet
1169 1225 1459 1309 experimentum?
1504 1225 1647 1290 Sanctus
1669 1225 1827 1298 Thomas,

475 1353 510 1408 2⁸
526 1352 577 1423 2⁸⁶,
599 1355 634 1409 et
659 1347 777 1411 doctor
802 1347 956 1425 solennis,
984 1348 1142 1430 magister
1167 1347 1333 1412 Henricus
1357 1350 1401 1413 de
1428 1346 1600 1424 Gandav0,
1629 1348 1662 1411 in
1689 1347 1828 1412 Summa

473 1486 541 1542 sua,
565 1466 712 1531 declarat
730 1467 803 1532 haec
825 1469 925 1532 verba
948 1467 1063 1532 Sancti
1088 1467 1246 1551 Gregorii,
1269 1469 1302 1532 in
1325 1467 1457 1534 Omelia
1479 1489 1539 1532 sua
1565 1467 1614 1546 26,
1638 1489 1710 1532 esse
1732 1467 1827 1531 valde

474 1607 559 1666 vera,
588 1599 622 1652 et
645 1589 717 1654 haec
747 1599 798 1654 est
820 1611 904 1673 opus
935 1590 1112 1662 doctorale,
1142 1611 1187 1654 sc.
1213 1590 1319 1673 magis
1342 1588 1468 1672 aperire
1492 1609 1623 1653 sensum
1648 1609 1705 1652 seu
1732 1587 1828 1652 intel·

473 1707 596 1774 lectum
623 1721 657 1774 et
683 1711 847 1775 intentum
869 1713 1044 1776 verborum
1069 1721 1260 1776 sanctorum
1286 1711 1473 1786 doctorum,
1498 1731 1597 1793 quam
1621 1731 1661 1774 ea
1682 1709 1827 1774 frontose

474 1850 602 1912 negare,
624 1833 677 1897 vel
700 1854 740 1896 ea
762 1833 846 1896 falsa
870 1854 941 1897 esse
966 1854 1121 1910 asserere,
1145 1853 1285 1917 quorum
1308 1842 1423 1896 sancta
1446 1833 1515 1896 vita
1539 1840 1573 1896 et
1594 1832 1744 1896 doctrina
1770 1851 1828 1913 per

473 1951 670 2017 catholicam
700 1954 872 2019 ecclesiam
905 1964 982 2018 sunt
1017 1954 1209 2038 approbata,
1237 1953 1331 2032 lecta,
1361 1963 1396 2017 et
1424 1952 1612 2035 praedicata,
1643 1961 1676 2015 et
1707 1971 1828 2034 magna

474 2074 659 2138 reverencia
684 2075 794 2158 digna.
842 2075 936 2150 Item,
960 2076 1139 2158 praedictus
1166 2075 1339 2157 episcopus
1366 2072 1486 2148 Pecok,
1513 2073 1546 2136 in
1573 2071 1657 2136 libro
1687 2091 1748 2135 suo
1774 2069 1827 2133 De

473 2192 549 2273 fide,
569 2204 665 2277 parte
688 2197 842 2270 secunda,
866 2201 927 2258 ca⁰.
944 2195 1068 2278 quinto,
1089 2196 1169 2260 dicit
1192 2195 1280 2277 quod
1304 2195 1420 2259 doctor
1439 2193 1568 2257 subtilis
1588 2192 1649 2257 suit
1670 2193 1827 2274 deceptus

474 2316 610 2396 quando
627 2316 714 2380 dixit
735 2317 824 2398 quod
842 2316 948 2379 Xtum
969 2316 1181 2381 descendisse
1203 2317 1246 2379 ad
1268 2314 1387 2378 inferos
1408 2323 1458 2377 est
1473 2313 1628 2378 articulus
1648 2313 1735 2391 fidei,
1749 2313 1828 2394 quia

474 2437 608 2519 ponitur
637 2437 669 2500 in
700 2437 862 2516 simbolo;
895 2447 928 2501 et
959 2438 1039 2501 dicit
1070 2438 1124 2514 ibi,
1149 2437 1327 2520 praedictus
1355 2435 1473 2514 Pecok,
1496 2435 1584 2517 quod
1615 2435 1648 2498 in
1678 2442 1827 2516 tempore

473 2554 654 2640 Augustini
679 2577 744 2621 non
765 2558 826 2620 fuit
850 2557 904 2621 ille
925 2558 1082 2622 articulus
1106 2558 1137 2620 in
1154 2556 1307 2632 simbolo,
1324 2565 1357 2620 et
1380 2556 1426 2619 sic
1449 2565 1584 2618 nonest
1604 2575 1716 2618 verum
1737 2554 1825 2636 quod

473 2675 615 2758 apostoli
643 2687 823 2760 posuerunt
855 2678 946 2741 illum
975 2680 1007 2740 in
1035 2678 1185 2742 simbolo
1234 2678 1317 2740 Haec
1345 2676 1400 2740 ille
1423 2675 1533 2740 Pecok
1564 2675 1686 2739 ibidem
1713 2683 1827 2737 contra

473 2798 585 2860 omnia
615 2799 804 2862 testimonia
834 2800 1087 2881 praedicatorum
1119 2807 1306 2862 sanctorum
1335 2797 1389 2861 hic
1420 2796 1567 2878 superius
1599 2795 1825 2877 allegatorum,

473 2918 561 2980 unde
581 2939 640 2983 nec
657 2917 779 2983 ‘Avel'
798 2919 827 2983 ei
842 2920 1000 2992 dixeritis,
1017 2921 1062 2982 ‘si
1079 2920 1216 3002 angelus
1236 2920 1331 2982 aliter
1353 2919 1387 2981 in
1407 2918 1470 2982 hoc
1491 2915 1708 3000 evangelizet’
1722 2937 1824 2998 quam

474 3039 623 3120 praedicti
643 3041 748 3103 sancti
773 3041 925 3104 doctores
948 3040 1121 3117 docebant,
1138 3039 1334 3102 ‘anathema
1353 3035 1415 3102 sit.’
1460 3037 1562 3100 Anno
1583 3037 1670 3101 enim
1690 3036 1824 3099 Domini

473 3156 553 3238 Jesu
580 3159 641 3223 Xti
672 3159 847 3225 millesimo
877 3161 1202 3243 quadringentesimo
1234 3160 1259 3223 l⁰
1282 3161 1433 3242 septimo,
1458 3159 1542 3223 circa
1566 3158 1685 3223 festum
1711 3157 1825 3222 Sancti

475 3277 619 3358 Martini,
642 3281 786 3364 episcopi
811 3291 844 3345 et
868 3281 927 3346 Xti
951 3281 1154 3358 confessoris,
1178 3282 1355 3363 praedictus
1379 3281 1497 3359 Pecok,
1520 3280 1692 3364 episcopus
1716 3277 1825 3343 Cices·

473 3400 600 3474 trensis‚
620 3402 779 3483 expulsus
802 3401 863 3465 suit
888 3402 1070 3466 Londoniis
1091 3423 1111 3463 a
1134 3401 1313 3483 praesencia
1336 3401 1421 3485 regis
1443 3411 1477 3464 et
1500 3401 1709 3465 dominorum
1733 3399 1823 3481 regni

473 3519 691 3601 spiritualium
720 3532 753 3585 et
779 3522 1021 3605 temporalium,
1048 3531 1081 3585 et
1107 3543 1128 3584 a
1154 3522 1254 3584 domo
1285 3521 1412 3585 concilii
1440 3521 1524 3602 regis
1554 3531 1588 3585 et
1616 3521 1824 3584 dominorum

471 3641 584 3722 regni:
610 3640 750 3724 jubente
772 3642 834 3706 sibi
858 3643 890 3704 in
913 3643 967 3705 illa
988 3643 1089 3707 domo
1109 3641 1374 3724 archiepiscopus
1398 3640 1653 3718 Cantuariensis,
1672 3641 1825 3706 dominus

472 3761 622 3826 Thomas
653 3763 827 3838 Bourcher,
859 3763 949 3845 quod
981 3765 1051 3847 ipse
1082 3763 1191 3827 Pecok
1222 3764 1396 3846 episcopus
1429 3763 1536 3827 exiret
1565 3764 1609 3826 ab
1638 3761 1694 3826 illa
1722 3763 1824 3826 domo

472 3881 601 3947 concilii
625 3883 714 3966 regii,
741 3893 774 3948 et
798 3904 818 3947 a
840 3884 1019 3967 praesencia
1044 3885 1129 3964 regis
1153 3883 1197 3946 ibi
1225 3893 1305 3947 tunc
1333 3885 1515 3962 existentis,
1541 3893 1574 3948 et
1599 3905 1620 3947 a
1646 3883 1825 3966 praesencia

473 4003 685 4067 dominorum
712 4005 801 4086 regni
829 4005 873 4068 ibi
898 4014 977 4068 tunc
1008 4004 1235 4082 existencium,
1262 4004 1479 4086 spiritualium
1505 4015 1539 4068 et
1568 4003 1824 4087 temporalium;

474 4121 583 4187 nullus
610 4124 696 4187 enim
724 4123 878 4189 dominus
902 4124 1093 4207 temporalis
1121 4133 1199 4188 tunc
1224 4124 1257 4187 in
1282 4123 1337 4187 illo
1364 4125 1502 4188 concilio
1529 4143 1652 4206 magno
1679 4123 1763 4206 regis
1790 4131 1825 4186 et

473 4245 564 4327 regni
588 4244 736 4310 existens
762 4245 864 4310 voluit
889 4245 979 4328 loqui
1005 4243 1179 4308 concilium
1208 4263 1302 4308 suurn
1328 4265 1388 4308 nec
1419 4245 1666 4321 avisamentum,
1694 4262 1754 4307 nec
1785 4261 1824 4306 ea
