4378 4936
738 397 836 452 rocr
862 397 891 451 a
920 395 1044 451 alano
1080 395 1338 450 varrrnrvrr.
1659 397 1715 464 159

364 612 574 678 vulnerantes
599 614 748 696 graviter,
774 623 808 678 et
830 613 1019 677 occidentes
1041 622 1117 695 post
1144 613 1375 676 extraxionem
1399 609 1470 692 ejus
1493 617 1589 672 extra
1614 607 1718 672 eccle·

365 735 457 812 siam,
472 743 652 817 postquam
679 735 712 797 in
736 735 854 798 eadem
881 734 1016 798 missam
1039 733 1249 810 celebrasset,
1272 741 1306 796 et
1329 732 1437 814 ipsum
1461 730 1586 793 nudum
1611 728 1718 811 jacere

366 853 399 916 in
419 873 539 936 campo
561 853 708 918 lecerunt
731 863 807 937 post
825 853 1024 918 occisionem
1039 874 1150 931 suam;
1174 863 1208 916 et
1226 861 1302 935 post
1322 871 1445 935 paucos
1467 870 1572 914 annos
1592 850 1718 913 occisus

366 971 427 1037 suit
454 973 526 1036 dux
558 973 780 1052 Somersetiae,
811 974 1020 1051 Edmundus,
1051 975 1085 1036 in
1113 973 1193 1036 villa
1223 972 1337 1037 Sancti
1370 970 1506 1050 Albani,
1536 979 1570 1033 et
1600 977 1720 1052 praeter

366 1093 529 1158 intentum
549 1093 682 1177 plurimi
697 1095 756 1158 viri
776 1095 874 1159 occisi
894 1103 973 1158 tunc
994 1095 1126 1158 luerunt
1147 1093 1279 1171 ibidem,
1296 1113 1406 1156 comes
1427 1088 1719 1155 Northehumbriae

367 1221 403 1276 et
433 1213 550 1277 eciam'
573 1215 728 1278 dominus
758 1215 800 1277 de
832 1213 979 1292 Clifford,
1008 1213 1084 1278 duci
1112 1213 1324 1278 Somersetiae
1354 1211 1462 1275 occiso
1496 1211 1653 1286 faventes,
1682 1217 1719 1270 ut

367 1333 548 1398 dicebatur.

455 1462 489 1528 [p.
506 1461 575 1529 172]
614 1453 718 1518 Anno
748 1455 884 1518 Domini
913 1454 992 1536 Jesu
1023 1460 1094 1517 mmo
1117 1461 1210 1518 ccc¹¹¹o
1232 1451 1477 1536 septuagesimo
1506 1460 1633 1528 octavo,
1659 1449 1719 1511 do·

368 1571 459 1635 mino
482 1593 570 1656 papa
586 1571 746 1657 Gregorio
765 1575 818 1657 xj⁰
838 1585 970 1639 mortuo
990 1575 1022 1638 in
1040 1574 1150 1637 Roma
1170 1574 1256 1638 circa
1276 1573 1422 1637 medium
1438 1569 1719 1654 Quadragesimae,

368 1693 552 1757 cardinales
584 1693 703 1758 Romae
740 1695 911 1778 elegerunt
940 1696 972 1758 in
1003 1715 1126 1778 papam
1155 1694 1330 1758 Urbanum
1359 1702 1504 1766 sextum,
1535 1700 1569 1754 et
1603 1690 1637 1753 in
1666 1689 1721 1752 die

370 1812 484 1876 Pascae
513 1813 622 1896 ipsum
653 1817 685 1879 in
718 1835 841 1898 papam
870 1825 1132 1893 coronaverunt3
1170 1826 1204 1880 et
1234 1816 1300 1879 cito
1329 1823 1454 1897 postea,
1483 1811 1666 1877 cardinales
1701 1831 1721 1872 a

370 1933 481 1997 Roma
510 1935 693 1998 successive
719 1937 920 2012 recedentes,
948 1936 1144 2019 praedictum
1171 1936 1347 2000 Urbanum
1373 1943 1507 1998 sextum
1535 1952 1608 1996 esse
1633 1949 1722 1994 sum-

371 2074 463 2118 mum
484 2054 662 2136 praesulum
683 2066 895 2138 negaverunt.
940 2057 985 2120 Et
1006 2056 1063 2120 illo
1080 2057 1218 2121 Urbano
1238 2066 1336 2120 sexto
1356 2055 1466 2133 citato,
1485 2063 1521 2117 ut
1538 2054 1593 2135 jus
1615 2071 1722 2125 suum,

370 2174 510 2257 siquod
533 2175 679 2255 haberet,
693 2178 896 2252 defenderet,
916 2179 1214 2260 pronunciaverunt
1237 2179 1345 2260 ipsum
1365 2176 1539 2240 Urbanum
1563 2193 1628 2237 non
1651 2193 1723 2236 esse

370 2296 452 2378 Jesu
467 2296 528 2359 Xti
545 2296 704 2360 vicarium
722 2299 755 2361 in
775 2301 879 2378 terris,
900 2299 1058 2382 eligentes
1083 2299 1251 2381 quendam
1272 2298 1457 2361 Robertum
1479 2295 1723 2367 Gebenensem,

372 2427 450 2482 tunc
471 2418 572 2481 etiam
591 2418 799 2496 cardinalem,
816 2421 848 2483 in
874 2419 1058 2484 dominium
1082 2419 1310 2502 apostolicum,
1332 2418 1351 2481 i.
1365 2439 1392 2481 e.
1414 2419 1446 2480 in
1469 2436 1601 2500 papam,
1623 2434 1722 2497 quem

372 2549 407 2603 et
435 2537 642 2602 Clementem
669 2541 848 2622 septimum
875 2541 1138 2616 nominaverunt,
1163 2549 1197 2604 et
1223 2560 1298 2603 cum
1327 2559 1366 2603 co
1392 2540 1423 2602 in
1449 2537 1650 2602 Avinionem
1673 2556 1724 2598 se-

373 2670 563 2738 cesserunt3
586 2669 620 2724 et
636 2661 794 2726 Urbanus
817 2662 873 2726 ille
895 2671 1021 2740 sextus,
1042 2681 1117 2725 cum
1138 2661 1266 2725 videret
1288 2681 1325 2724 se
1347 2659 1390 2722 ab
1409 2661 1554 2742 antiquis
1577 2660 1725 2724 cardina·

373 2781 460 2845 libus
481 2781 686 2858 derelictum,
710 2784 833 2846 creavit
859 2803 963 2846 novos
987 2781 1178 2860 cardinales,
1203 2791 1237 2845 et
1258 2781 1377 2844 Romae
1399 2781 1482 2846 obiit
1508 2803 1596 2845 anno
1623 2779 1725 2865 13893

374 2902 427 2966 cui
451 2901 609 2965 successit
631 2901 820 2966 Bonifatius
843 2904 913 2966 ix⁸:
945 2901 1110 2968 Clementi
1136 2901 1196 2983 vij⁰
1221 2903 1376 2966 successit
1404 2901 1520 2966 Petrus
1550 2904 1593 2966 de
1620 2901 1725 2976 Luna,

375 3022 432 3104 qui
463 3022 610 3105 seipsum
636 3021 816 3088 intitulavit
840 3024 923 3105 xiij¹¹²
954 3024 1181 3102 Benedictum‚
1205 3024 1261 3106 qui
1291 3033 1415 3107 postea,
1438 3045 1498 3107 per
1527 3025 1726 3089 sententiam

376 3141 410 3206 in
425 3141 564 3206 concilio
580 3142 707 3216 Pisano,
724 3164 784 3226 pro
799 3143 942 3226 perjurio
958 3165 1018 3208 suo
1033 3144 1204 3227 depositus
1218 3144 1289 3208 luit.
1329 3145 1464 3209 Mortuo
1481 3144 1651 3209 Bonisacio
1665 3144 1725 3217 ix⁰‚

376 3262 560 3327 cardinales
580 3262 749 3344 elegerunt
770 3264 803 3326 in
826 3284 948 3346 papam
971 3263 1179 3328 Cosmatium
1202 3267 1344 3345 nomine,
1360 3287 1460 3348 quem
1483 3285 1605 3348 papam
1630 3265 1727 3327 Inno-

376 3392 507 3446 centem
529 3383 597 3465 vijm
617 3384 879 3466 appellaverunt.
925 3385 991 3449 Hic
1013 3386 1107 3468 quasi
1131 3386 1263 3450 biennio
1286 3387 1434 3451 existens
1453 3387 1624 3450 Romanus
1646 3406 1728 3470 pon-

377 3503 472 3581 tifex,
497 3523 556 3567 seu
586 3524 683 3587 papa,
709 3504 832 3568 multos
862 3505 895 3567 in
921 3505 1104 3570 cardinales
1131 3508 1318 3589 assumpsit,
1345 3519 1379 3572 et
1409 3509 1442 3572 in
1470 3507 1550 3571 urbe
1575 3507 1729 3571 Romana

378 3625 481 3703 obiit;
506 3634 540 3688 et
566 3636 642 3708 post
667 3624 738 3706 ejus
764 3635 905 3690 mortem
932 3626 1114 3691 cardinales
1138 3627 1301 3709 eligerunt
1327 3630 1359 3691 in
1383 3649 1505 3712 papam
1533 3627 1728 3713 Gregorium

378 3747 622 3822 duodecimum,
643 3757 871 3830 tractatusque
896 3746 1029 3812 habitus
1053 3758 1104 3812 est
1130 3769 1189 3831 per
1213 3750 1348 3813 nuncios
1374 3750 1458 3814 inter
1484 3749 1576 3812 illum
1603 3749 1729 3831 Grego-

379 3869 463 3932 rium
480 3867 559 3950 xijm,
576 3878 610 3932 et
630 3879 831 3951 praetensum
852 3889 984 3952 papam,
1002 3869 1136 3934 Petrum
1158 3871 1201 3935 de
1219 3871 1325 3951 Luna,
1340 3882 1495 3935 vocatum
1513 3871 1728 3935 Benedictum

379 3989 515 4054 tertium
543 3989 718 4068 decimum,
749 3990 808 4054 sed
839 3991 1021 4054 remedium
1051 4012 1117 4055 non
1144 3990 1206 4056 luit
1235 3992 1404 4075 adeptum,
1434 3992 1493 4056 sed
1520 3994 1623 4058 cisma
1652 4013 1729 4058 con·

379 4111 568 4189 tinuatum;
594 4121 673 4176 tunc
695 4111 887 4188 cardinales,
910 4112 954 4176 ab
977 4112 1170 4177 obediencia
1196 4114 1367 4195 utriusque
1397 4113 1499 4195 partis
1530 4115 1728 4188 recedentes,

377 4251 440 4320 per
459 4230 570 4296 literas
588 4253 664 4296 suas
686 4242 719 4297 et
743 4232 878 4297 nuncios
899 4233 1071 4298 concilium
1094 4233 1248 4315 generale
1270 4244 1303 4297 et
1326 4234 1507 4299 universale
1530 4256 1731 4301 convocave-
