4338 4936
475 384 518 446 60
850 387 949 445 LOCI
975 387 1005 444 E
1034 387 1157 444 LIBRO
1193 385 1450 442 VERITATUM.

475 603 694 687 Augustinus.
741 601 823 669 Ideo
849 615 1011 687 oportune
1033 613 1066 668 et
1091 605 1287 687 importune,
1312 603 1332 666 i.
1342 623 1369 666 e.
1392 601 1455 665 hiis
1478 600 1533 684 qui
1560 601 1684 678 volunt,
1707 611 1740 666 et
1766 599 1829 665 hiis

478 727 535 808 qui
564 726 679 789 audire
709 746 775 789 non
808 725 934 805 volunt,
968 725 1216 809 praedicandum
1248 733 1308 788 est.
1366 723 1448 787 Ideo
1483 723 1648 787 Dominus
1677 723 1829 804 Jeremiae

478 847 645 929 praecepit,
671 846 801 910 decimo
827 847 970 930 septimo
997 847 1149 930 capitulo,
1174 855 1211 908 ut
1237 845 1431 927 praedicaret
1458 844 1491 907 in
1520 845 1624 925 portis
1650 845 1765 926 templi
1796 845 1830 907 in

479 966 672 1048 Jerusalem,
688 977 724 1032 ut
740 967 882 1050 populus
906 968 990 1031 intra
1007 966 1178 1031 ecclesiam
1201 967 1358 1043 existens,
1373 985 1473 1028 causa
1487 965 1648 1028 oracionis
1664 975 1697 1028 et
1713 965 1830 1028 immo-

481 1088 625 1162 lacionis,
641 1089 794 1153 audirent
813 1089 951 1152 verbum
973 1089 1046 1164 Dei,
1062 1088 1213 1170 quamvis
1236 1087 1329 1150 inviti
1352 1086 1512 1164 audirent,
1532 1096 1568 1150 et
1590 1086 1741 1168 quamvis
1765 1105 1831 1149 non

481 1208 656 1273 voluerunt
685 1209 827 1273 libenter
854 1209 969 1272 audire
998 1209 1135 1273 verbum
1167 1208 1242 1272 Dei.
1297 1204 1384 1270 Tum
1408 1205 1502 1270 Deus
1525 1207 1682 1290 praecepit
1707 1206 1833 1272 Sancto

481 1328 645 1410 Jeremiae,
670 1329 786 1412 virgini
811 1340 845 1394 et
871 1329 1051 1413 prophetae,
1074 1339 1110 1392 ut
1135 1327 1215 1392 illud
1239 1328 1285 1391 eis
1309 1329 1512 1410 praedicaret,
1534 1328 1611 1410 quia
1634 1328 1718 1392 forte
1743 1329 1832 1410 quod

483 1451 516 1513 in
546 1450 706 1533 principio
733 1471 797 1514 non
824 1451 1000 1533 suscipitur
1030 1459 1146 1533 postea
1176 1449 1318 1514 libenter
1343 1449 1563 1531 amplexatur,
1591 1460 1625 1513 et
1654 1449 1711 1532 qui
1741 1450 1834 1512 audit

484 1571 735 1635 excusationem
766 1591 831 1635 non
862 1570 973 1648 habet,
999 1571 1088 1653 quod
1127 1591 1193 1633 non
1232 1571 1332 1635 novit.
1393 1570 1475 1634 Ideo
1505 1570 1613 1634 invitis
1643 1571 1834 1652 praedicavit

485 1691 629 1757 Sanctus
650 1691 820 1773 jeremias,
843 1702 880 1756 ut
904 1701 1046 1756 testatur
1069 1690 1212 1755 Sanctus
1226 1691 1422 1773 Jeronimus,
1446 1691 1563 1755 doctor
1584 1691 1736 1769 coelestis,
1751 1689 1835 1754 libro

483 1833 546 1876 suo
576 1811 625 1894 iij⁰
651 1833 751 1895 super
773 1813 962 1894 Jeremiam,
990 1818 1043 1876 ca⁰
1073 1812 1204 1876 decimo
1235 1812 1378 1894 septimo
1408 1822 1523 1876 textus
1551 1811 1733 1894 prophetae.
1790 1808 1836 1876 Et

485 1934 733 2016 praedicandum
759 1942 810 1997 est
833 1933 971 1997 verbum
992 1933 1058 1996 Dei
1084 1943 1118 1996 et
1144 1931 1215 2014 ejus
1238 1933 1429 2011 declaraci0,
1452 1931 1602 2015 quamvis
1627 1934 1682 1997 alii
1707 1944 1837 1998 contra·

485 2053 598 2118 dicant
616 2063 650 2117 et
665 2053 861 2136 vituperent,
878 2064 912 2118 et
927 2053 1078 2136 quamvis
1099 2052 1212 2136 pejora
1229 2055 1341 2118 dicant
1356 2065 1390 2118 et
1405 2054 1526 2119 saciant
1541 2075 1641 2137 quam
1657 2065 1836 2137 antequam

486 2175 552 2238 Dei
567 2174 705 2238 verbum
721 2175 904 2237 audierunt.
951 2173 1007 2238 Sic
1024 2175 1111 2236 enim
1129 2171 1218 2238 Xtus
1238 2175 1427 2256 praedicavit
1444 2174 1588 2240 Matthei
1606 2183 1669 2256 25⁰,
1686 2176 1838 2258 quamvis

486 2294 542 2359 alii
557 2295 672 2358 audito
686 2295 788 2358 verbo
801 2316 861 2358 suo
873 2294 1086 2358 scandalizati
1099 2295 1240 2370 luerunt,
1255 2296 1287 2359 id
1301 2305 1360 2372 est,
1374 2297 1455 2360 moti
1468 2297 1510 2360 ad
1525 2297 1647 2360 malum
1660 2298 1837 2362 dicendum

488 2426 523 2480 et
538 2415 738 2480 faciendum.
783 2415 870 2478 Item
892 2414 1034 2497 apostoli
1051 2414 1200 2479 Actuum
1217 2463 1224 2480 .
1241 2463 1248 2480 .
1265 2464 1273 2480 .
1289 2466 1296 2480 .
1312 2422 1365 2480 ca⁰
1385 2417 1475 2479 omni
1496 2418 1549 2482 die
1569 2419 1839 2500 praedicaverunt,

487 2535 639 2619 quamvis
665 2555 801 2618 poenam
824 2537 871 2600 eis
895 2536 1068 2600 imminere
1090 2535 1313 2618 providerunt,
1333 2537 1410 2618 quia
1432 2538 1545 2619 pocius
1568 2539 1726 2603 debemus
1746 2559 1840 2604 scan-

489 2657 602 2722 dalum
635 2657 837 2740 permittere,
865 2657 924 2722 i.e.
954 2657 1160 2721 occasionem
1196 2655 1273 2719 mali
1304 2657 1389 2733 oriri,
1419 2678 1519 2740 quam
1549 2659 1722 2724 veritatem
1752 2661 1838 2736 vitae,

489 2779 658 2858 doctrinae,
687 2799 746 2842 seu
776 2778 927 2862 justiciae,
952 2779 1147 2861 relinquere,
1172 2786 1260 2841 teste
1289 2788 1405 2842 sancto
1434 2799 1522 2861 papa
1552 2779 1712 2863 Gregorio
1742 2802 1842 2864 super

492 2897 712 2964 Ezechielem.
762 2898 890 2964 Cristus
913 2900 1000 2964 enim
1024 2899 1128 2964 voluit
1150 2899 1261 2982 potius
1283 2899 1386 2962 occidi
1410 2921 1509 2982 quam
1532 2903 1705 2966 veritatem
1729 2925 1840 2968 neces-

491 3019 611 3083 sariam
639 3028 757 3099 tacere,
784 3021 837 3085 vel
864 3021 1026 3095 omittere,
1051 3021 1107 3085 vel
1137 3031 1274 3103 peccata
1300 3021 1413 3103 populi
1440 3041 1505 3085 non
1532 3025 1779 3107 reprehendere,
1805 3036 1842 3089 ut

493 3140 640 3205 ostendit
673 3141 791 3206 doctor
823 3143 953 3206 divinus
986 3142 1024 3206 li⁰
1054 3141 1104 3224 iij⁰
1135 3142 1393 3216 Sentenciarum,
1428 3144 1643 3210 distinccione
1675 3147 1841 3212 vicesima.

494 3261 709 3336 ‘Annuncia,'
729 3263 835 3345 inquit
853 3263 1025 3342 Dominus,
1041 3263 1185 3346 ‘populo
1201 3284 1276 3327 meo
1298 3263 1422 3328 scelera
1445 3266 1578 3341 eorum,’
1600 3267 1619 3332 i.
1629 3290 1658 3332 e.
1679 3270 1843 3333 annuncia

494 3383 543 3446 eis
560 3403 619 3465 per
637 3383 824 3448 evidencias
844 3394 878 3449 et
899 3403 959 3464 per
978 3384 1125 3448 raciones
1147 3384 1237 3466 quod
1257 3395 1349 3448 actus
1367 3406 1480 3449 eorum
1495 3396 1571 3451 sunt
1587 3389 1665 3452 mali
1681 3397 1714 3454 et
1729 3401 1844 3454 contra

496 3503 561 3566 Dei
586 3503 768 3586 imperium,
784 3514 818 3568 et
840 3505 980 3568 ostende
995 3525 1070 3588 quae
1092 3503 1303 3569 includuntur
1325 3505 1357 3568 in
1380 3507 1523 3588 peccatis
1544 3529 1666 3588 eorum,
1682 3519 1715 3574 et
1737 3512 1843 3594 gravi·

494 3633 599 3688 tatem
621 3625 756 3706 peccati,
773 3625 914 3688 ostende
929 3645 1004 3706 quae
1020 3634 1176 3689 secuntur
1190 3646 1234 3688 ex
1255 3637 1392 3707 peccato
1407 3628 1440 3690 in
1459 3627 1522 3693 hac
1536 3631 1612 3708 vita,
1628 3640 1661 3694 et
1677 3632 1709 3694 in
1726 3631 1843 3710 lutura,

495 3744 580 3807 sicut
597 3743 740 3808 Sanctus
756 3743 966 3827 Augustinus
983 3745 1130 3809 ostendit
1146 3746 1178 3808 in
1195 3745 1417 3811 Eucheridion
1435 3749 1528 3830 plura
1546 3761 1681 3832 peccata
1696 3751 1795 3816 luisse
1810 3754 1843 3815 in

494 3875 633 3945 peccato
648 3863 760 3942 Adae;
783 3865 917 3948 scilicet,
933 3865 1131 3946 superbiam,
1147 3868 1224 3948 quia
1241 3865 1304 3930 Dei
1328 3868 1465 3950 imperio
1484 3891 1549 3933 non
1565 3872 1731 3952 obedivit;
1755 3873 1843 3952 item,

494 3983 618 4066 gulam,
634 3985 711 4066 quia
733 3984 776 4049 de
798 3985 887 4066 ligno
905 3987 1010 4050 vetito
1032 3988 1200 4065 comedit3
1223 3988 1313 4062 item,
1332 3989 1452 4053 salsum
1475 3991 1631 4072 savorem,
1646 4015 1704 4057 seu
1727 3994 1843 4058 falsam

495 4113 530 4168 et
546 4104 667 4168 malam
683 4104 895 4187 placenciam,
905 4107 962 4188 qui
978 4107 1073 4170 uxori
1089 4128 1156 4170 suae
1170 4107 1250 4171 Evae
1266 4109 1438 4191 displicere
1454 4132 1520 4176 non
1534 4113 1646 4191 voluit,
1656 4115 1714 4178 sed
1730 4125 1845 4179 contra

496 4223 561 4288 Dei
585 4225 778 4290 mandatum
800 4226 829 4290 ei
851 4226 975 4308 placuit
995 4228 1209 4306 comedendo,
1232 4239 1268 4294 ut
1294 4229 1365 4293 Eva
1383 4233 1550 4315 praecepit.
1596 4233 1652 4298 Sic
1672 4256 1761 4319 saepe
1785 4257 1845 4299 nos
