4338 4936
447 361 450 370 '
480 379 522 448 54
859 376 957 431 Loca
982 377 1012 428 E
1040 376 1164 430 aiano
1201 375 1458 432 auximum.

479 601 626 674 acceptae
656 612 716 656 nec
747 602 887 675 receptae
913 592 957 655 ab
986 593 1184 671 hominibus,
1213 593 1291 674 quia
1321 593 1504 656 necessario
1534 593 1690 676 requisita
1720 614 1830 660 coram

480 713 554 777 Deo
577 712 742 788 deficiunt,
766 733 811 778 sc.
831 712 949 777 merita
971 734 1120 796 personae
1143 733 1254 778 coram
1278 713 1353 777 Deo
1375 714 1542 795 requisita.

566 833 754 915 Septimum
788 833 911 897 flumen
944 843 1003 913 est,
1036 836 1158 897 abusus
1188 832 1447 916 dispensacionis
1478 834 1531 899 vel
1565 833 1709 899 licenciae
1743 835 1831 900 datae

479 955 522 1017 ab
548 953 681 1017 homine
712 963 746 1017 et
776 974 841 1017 non
872 964 960 1018 recte
989 955 1120 1019 usitata
1150 955 1194 1018 ad
1224 954 1351 1018 lucrum
1381 956 1566 1020 animarum
1597 975 1657 1020 nec
1689 956 1733 1019 ad
1760 957 1832 1019 ani-

481 1093 609 1137 marum
633 1074 784 1138 salutem.

566 1195 679 1276 Josias'
692 1215 752 1259 rex
767 1195 951 1276 Jerusalem
974 1195 1089 1274 doluit,
1105 1195 1204 1272 flevit,
1223 1203 1257 1258 et
1281 1197 1479 1258 vestimenta
1498 1217 1557 1259 sua
1579 1197 1687 1274 scidit,
1711 1197 1833 1264 auditis

481 1317 589 1380 verbis
612 1316 685 1394 Dei,
705 1337 745 1380 eo
766 1316 855 1398 quod
878 1334 979 1398 opera
1001 1315 1114 1398 populi
1137 1317 1186 1379 sui
1206 1315 1337 1379 suerunt
1360 1317 1522 1380 contraria
1543 1317 1650 1380 verbis
1673 1318 1748 1393 Dei,
1772 1317 1834 1400 iiij⁰

482 1438 613 1520 Regum
646 1444 710 1502 22⁰.
767 1438 823 1503 Sic
854 1459 914 1502 nos
943 1438 1124 1515 doleamus,
1150 1457 1289 1514 oremus,
1314 1446 1348 1501 et
1377 1437 1594 1519 praedicemus
1625 1449 1740 1502 contra
1769 1440 1834 1503 ista

482 1569 610 1642 septem
626 1558 762 1623 flumina
779 1558 955 1639 Babilonis,
970 1580 1045 1642 quae
1067 1568 1144 1623 sunt
1166 1579 1273 1623 causae
1289 1579 1391 1642 quare
1406 1559 1543 1622 verbum
1560 1559 1623 1623 Dei
1647 1581 1667 1622 a
1686 1560 1833 1642 pluribus

482 1701 549 1746 non
573 1681 789 1763 cognoscitur,
815 1701 876 1745 nec
905 1691 1062 1744 servatur.
1121 1681 1161 1744 In
1191 1681 1297 1762 prima
1328 1682 1465 1744 materia
1498 1681 1668 1744 sciendum
1694 1692 1752 1761 est,
1775 1703 1835 1765 per

482 1803 627 1886 graciam
643 1801 717 1878 Dei,
732 1802 821 1884 quod
838 1802 1010 1878 Dominus,
1026 1802 1237 1865 considerans
1251 1810 1377 1883 quanta
1395 1799 1485 1864 dona
1499 1799 1578 1864 fidei
1599 1810 1632 1865 et
1653 1803 1835 1884 agnicionis

483 1934 517 1988 et
532 1925 625 2005 signa
640 1924 760 1986 amoris
776 1923 922 1988 dedisset
938 1921 1163 2005 apostolorum
1179 1921 1326 2004 principi,
1338 1921 1437 1985 Petro
1453 1921 1560 2000 beato,
1574 1920 1661 1986 dixit
1675 1923 1835 2004 Johannis

482 2043 609 2116 ultimo,
627 2042 762 2107 ‘Simon
777 2042 947 2123 Johannis,
962 2043 989 2106 si
1012 2042 1121 2126 diligis
1138 2063 1199 2120 me,
1215 2063 1313 2124 pasce
1328 2062 1406 2105 oves
1422 2039 1532 2106 meas'
1568 2043 1644 2108 Hoc
1667 2041 1836 2126 ‘pascere’

482 2176 534 2230 ter
562 2164 731 2248 replicans,
762 2166 838 2245 quia
868 2165 983 2228 intime
1013 2163 1075 2228 hoc
1101 2163 1225 2227 volens.
1283 2163 1448 2226 Dominus
1471 2165 1561 2227 enim
1589 2166 1681 2228 novit
1710 2175 1836 2247 quanta

482 2286 571 2350 bona
586 2286 669 2350 fiunt
687 2305 747 2367 per
769 2284 893 2348 bonurn
918 2295 1078 2349 rectorem
1097 2287 1130 2348 in
1149 2284 1282 2368 populo,
1298 2293 1332 2348 et
1354 2295 1479 2367 quanta
1503 2285 1591 2348 mala
1613 2285 1826 2350 destruuntur

483 2406 640 2488 exemplo
664 2404 750 2469 unici
773 2405 907 2469 rectoris
929 2405 961 2468 in
986 2404 1120 2486 Egipto,
1140 2404 1275 2487 Joseph,
1297 2404 1354 2486 qui
1381 2413 1432 2469 tot
1458 2415 1492 2469 et
1521 2414 1616 2470 tanta
1641 2407 1730 2470 bona
1758 2407 1836 2472 fecit

485 2539 518 2593 et
534 2539 627 2593 tanta
644 2527 731 2591 mala
747 2527 922 2605 destruxit,
938 2535 971 2590 et
987 2526 1160 2608 impedivit
1176 2547 1217 2589 ne
1233 2526 1349 2590 fierent
1368 2525 1547 2608 prudencia
1570 2536 1602 2590 et
1626 2527 1698 2591 zelo
1715 2528 1785 2610 ejus
1801 2539 1836 2592 et

484 2651 606 2728 labore,
624 2660 660 2714 ut
676 2656 769 2732 patet
787 2648 926 2731 sparsim
943 2649 975 2711 in
995 2647 1117 2712 Genisi.
1161 2648 1263 2712 Unde
1278 2648 1320 2711 de
1335 2648 1424 2712 bono
1439 2658 1564 2712 rectore
1580 2648 1706 2712 dictum
1720 2649 1836 2714 Eccle·
1885 2639 1889 2650 ’

484 2772 616 2846 siastici,
639 2771 698 2834 ‘ln
713 2771 830 2835 diebus
846 2769 917 2853 ejus
936 2770 1023 2834 sacta
1042 2779 1093 2834 est
1115 2767 1361 2848 reconciliacio,’
1384 2770 1403 2831 i.
1415 2789 1443 2832 e.
1468 2769 1630 2833 malorum
1653 2771 1836 2835 destruccio

485 2905 519 2959 et
549 2894 711 2957 bonomm
735 2893 895 2958 induccio.
953 2892 984 2958 Ο
1014 2903 1096 2974 quot
1123 2891 1211 2955 mala
1237 2891 1403 2956 destruxit
1427 2891 1534 2954 bonus
1558 2900 1671 2973 pastor
1696 2898 1730 2954 et
1756 2902 1838 2974 quot

485 3017 573 3080 bona
597 3016 746 3080 induxit!
778 3037 857 3079 nam
881 3016 998 3079 Petrus
1025 3035 1091 3078 una
1115 3016 1169 3077 die
1195 3014 1258 3076 tria
1283 3011 1380 3090 milia,
1401 3010 1468 3076 alia
1494 3013 1548 3076 die
1567 3013 1713 3094 quinque
1738 3011 1836 3090 milia,

484 3138 529 3201 ad
542 3138 648 3202 Xtum
664 3139 833 3215 convertit,
845 3137 933 3200 unde
949 3137 1019 3218 ipse
1034 3135 1192 3218 pascebat
1207 3144 1295 3198 recte
1310 3154 1410 3211 oves;
1431 3143 1465 3196 et
1480 3133 1704 3196 sanctissimus
1716 3133 1838 3197 Paulus

486 3259 646 3323 convertit
668 3267 701 3322 et
724 3259 881 3340 pascebat
903 3257 1005 3322 verbo
1028 3257 1090 3320 Dei
1113 3256 1229 3340 plagas
1252 3257 1350 3333 orbis,
1373 3275 1417 3318 sc.
1443 3255 1476 3318 in
1498 3256 1634 3331 oriente,
1655 3255 1837 3332 occidente,
1881 3269 1884 3276 '

487 3390 606 3458 austro,
622 3390 656 3443 et
671 3380 782 3457 boria3
806 3389 840 3443 et
862 3381 908 3444 sic
931 3379 1093 3443 laboravit
1116 3399 1176 3461 pro
1192 3378 1262 3441 Xto
1283 3378 1418 3459 triginta
1434 3386 1510 3440 octo
1524 3377 1628 3453 annis,
1644 3384 1681 3440 ut
1698 3384 1839 3440 testatur

488 3501 631 3568 Sanctus
661 3501 754 3566 Beda
783 3521 883 3584 super
912 3501 1021 3564 Actus
1047 3499 1299 3592 Apostolorum.
1355 3499 1465 3562 Pascit
1494 3499 1582 3561 euim
1612 3517 1756 3582 gregem,
1781 3495 1837 3579 qui

487 3626 606 3688 devote
629 3631 701 3687 orat
724 3643 783 3706 pro
806 3643 917 3705 grege.
963 3622 1059 3700 Item,
1074 3623 1130 3704 qui
1148 3622 1277 3704 patitur
1300 3631 1334 3684 et
1358 3622 1495 3684 moritur
1517 3640 1576 3702 pro
1594 3620 1676 3682 Deo.
1722 3617 1838 3681 Petrus

487 3745 645 3828 pascebat
660 3765 738 3809 oves
755 3745 890 3808 Domini
909 3744 942 3807 in
956 3744 1058 3808 verbo
1073 3752 1197 3807 sanctae
1213 3742 1467 3825 praedicacionis,
1483 3742 1516 3803 in
1532 3751 1647 3804 sancta
1664 3748 1697 3804 et
1717 3740 1838 3802 devota

487 3866 648 3944 oracione,
665 3865 698 3929 in
713 3867 790 3930 vitae
806 3875 903 3931 rectae
918 3876 952 3930 et
964 3864 1064 3947 justae
1079 3864 1277 3938 ostensione,
1291 3861 1483 3945 exemplum
1500 3861 1650 3943 praebens
1665 3859 1738 3923 aliis
1752 3858 1837 3924 bene

485 3989 628 4067 vivendi,
652 3989 685 4051 in
712 3997 989 4052 sacramentorum
1017 3995 1107 4051 recta
1129 3985 1426 4049 administracione.
1480 3983 1601 4046 ‘Pasce
1624 4002 1702 4045 oves
1729 3976 1839 4058 meas,'

489 4109 568 4172 dicit
585 4109 755 4187 Dominus,
771 4110 791 4173 i.
802 4132 830 4174 e.
848 4130 913 4173 non
934 4118 967 4173 te
982 4128 1117 4191 pascere
1134 4108 1242 4190 cogita
1265 4127 1325 4188 pro
1348 4115 1391 4184 te,
1407 4105 1466 4170 sed
1482 4125 1560 4168 oves
1579 4123 1688 4186 pasce,
1705 4112 1738 4165 et
1754 4102 1838 4165 sicut

490 4249 581 4292 meas
596 4251 675 4294 oves
692 4251 800 4313 pasce,
818 4240 850 4295 et
874 4251 938 4295 non
962 4232 1045 4294 sicut
1068 4240 1150 4306 tuas,
1166 4231 1184 4292 i.
1197 4252 1224 4293 c.
1240 4249 1350 4310 quaere
1374 4229 1406 4290 in
1429 4227 1475 4289 eis
1499 4245 1607 4289 meam
1622 4224 1838 4299 voluntatem,
