4322 4936
460 388 523 453 214
836 378 935 437 LOCI
960 380 990 435 E
1017 377 1143 437 LIBRO
1179 379 1436 438 VERITATuM.

461 597 597 663 Domini
624 607 713 676 1457,
736 595 790 658 die
817 595 983 658 dominica
1007 593 1088 657 inira
1119 604 1253 658 octavas
1284 593 1398 658 Sancti
1423 593 1567 672 Martini,
1591 591 1723 676 gloriosi
1751 588 1812 654 Xti

460 718 663 784 confessoris.
719 717 765 780 Et
792 717 824 778 in
852 716 994 780 crastino
1022 715 1137 780 Sancti
1168 716 1346 790 Edmundi‚
1374 716 1459 798 regis
1485 725 1518 779 et
1548 715 1697 792 martiris,
1723 714 1812 776 idem

461 839 570 904 Pecok
601 839 775 920 episcopus
805 838 969 901 revocavit
999 837 1144 900 diversas
1175 836 1402 901 conclusiones
1432 857 1491 920 per
1522 857 1597 899 eum
1624 835 1750 918 positas
1779 833 1812 895 in

459 961 550 1024 libris
577 961 643 1023 suis
670 968 703 1022 et
727 957 769 1021 ab
796 959 843 1020 eis
867 957 999 1021 recessit
1027 976 1137 1020 coram
1161 955 1408 1040 archiepiscopo
1435 967 1468 1020 et
1493 957 1564 1020 aliis
1591 957 1754 1039 episcopis
1779 965 1813 1019 et

459 1080 650 1145 doctoribus
672 1078 874 1160 Theologiae‚
897 1076 1051 1141 secularis
1080 1077 1213 1141 habitus
1244 1089 1277 1141 et
1308 1079 1473 1161 religiosi3
1504 1088 1538 1142 et
1564 1099 1652 1143 anno
1676 1077 1811 1140 Domini

461 1199 635 1263 millesimo
646 1199 919 1282 quinquagesimo
933 1195 1006 1284 (sic)
1017 1198 1171 1280 septimo,
1182 1199 1271 1280 apud
1289 1199 1458 1280 Lamhsth,
1474 1201 1528 1264 die
1544 1200 1746 1264 Novembris
1762 1197 1812 1278 28,

461 1323 493 1385 in
506 1323 685 1404 praesencia
696 1305 821 1384 domini
839 1319 1085 1384 Cantuariensis
1101 1328 1135 1384 et
1150 1320 1289 1384 aliorum
1305 1322 1533 1404 episcoporum
1549 1332 1582 1385 et
1597 1321 1812 1404 plurimorum

461 1446 635 1508 doctorum
662 1440 863 1524 Theologiae‚
893 1441 1027 1505 recessit
1056 1461 1077 1503 a
1099 1440 1190 1504 libris
1220 1441 1287 1504 suis
1318 1462 1401 1524 quos
1425 1444 1608 1525 scripserat,
1634 1451 1668 1506 et
1688 1464 1710 1507 a
1736 1462 1813 1506 con-

427 1571 434 1582 ’
461 1564 662 1630 clusionibus
688 1563 764 1638 suis,
787 1572 820 1627 et
842 1562 916 1626 illas
940 1562 1104 1644 abjuravit
1127 1562 1252 1626 ibidem
1275 1564 1355 1644 ipsis
1376 1564 1604 1646 praesentibus,
1627 1573 1660 1627 et
1683 1564 1813 1627 duobus

461 1686 604 1751 dominis
629 1684 838 1762 secularibus,
864 1705 908 1748 sc.
927 1685 1063 1748 domino
1081 1683 1215 1748 Thoma
1239 1683 1364 1764 Stanle,
1383 1696 1417 1749 et
1443 1686 1579 1750 domino
1607 1687 1660 1750 De
1684 1685 1812 1769 Scalys,

462 1817 496 1872 et
523 1806 635 1871 multis
661 1806 840 1882 militibus;
871 1815 904 1869 et
931 1826 1048 1870 omnes
1075 1805 1175 1868 libros
1198 1817 1276 1870 tunc
1307 1809 1488 1871 revocavit:
1517 1810 1619 1876 etsie
1649 1808 1813 1871 revocavit

461 1929 554 1992 illum
584 1927 704 1992 librum
735 1947 832 1990 suum
863 1928 1040 2008 proprium,
1065 1927 1098 1989 in
1128 1949 1196 2009 quo
1226 1929 1355 2010 scripsit
1382 1931 1472 2011 quod
1502 1931 1684 2013 episcopus
1710 1931 1743 1992 in
1774 1950 1813 1993 eo

461 2048 550 2128 quod
575 2047 752 2128 episcopus
772 2053 831 2118 est,
856 2064 922 2106 non
946 2043 1112 2126 obligatur
1133 2045 1332 2125 praedicare3
1357 2055 1390 2108 et
1415 2066 1544 2128 magnae
1569 2066 1676 2110 causae
1703 2065 1814 2108 move-

461 2167 543 2232 bant
573 2166 708 2231 clericos
737 2175 770 2229 et
800 2166 952 2229 dominos
981 2165 1180 2247 temporales
1219 2165 1360 2228 multum
1390 2177 1504 2230 contra
1535 2187 1619 2243 eum,
1650 2187 1695 2230 sc.
1724 2167 1812 2249 quod

461 2287 591 2371 scripsit
620 2287 705 2352 altas
735 2287 899 2362 materias,
927 2286 986 2350 i.e.
1010 2285 1200 2367 profundas,
1224 2287 1258 2349 in
1284 2285 1446 2370 Anglicis,
1468 2308 1543 2369 quae
1570 2289 1684 2371 pocius
1709 2288 1814 2352 abdu-

462 2417 573 2474 cerent
599 2408 700 2472 laicos
724 2407 854 2470 abono
876 2426 977 2488 quam
1004 2427 1049 2469 ex
1071 2427 1149 2469 vero
1176 2406 1275 2469 simili
1297 2407 1408 2488 plures
1430 2409 1589 2472 ducerent
1611 2409 1654 2473 ad
1677 2408 1812 2472 bonum.

464 2531 559 2606 Item,
575 2530 757 2592 secundum
782 2548 940 2610 magnum
961 2527 1123 2590 motivum
1146 2537 1261 2592 contra
1285 2527 1379 2591 illum
1396 2529 1504 2594 Pecok
1528 2532 1721 2612 episcopum
1743 2528 1813 2603 luit,

462 2652 552 2733 quod
570 2649 742 2732 vilipendit
762 2659 795 2712 et
816 2652 922 2712 renuit
944 2669 1044 2730 opera
1066 2660 1099 2712 et
1120 2649 1242 2730 scripta
1260 2660 1450 2713 sanctorum
1472 2651 1645 2714 doctorum
1665 2651 1813 2714 ecclesiae

464 2771 625 2835 Sanctum
647 2770 862 2850 Jeronimum,
887 2769 1048 2834 Sanctum
1064 2769 1301 2851 Augustinum‚
1323 2780 1356 2833 et
1379 2771 1514 2834 beatum
1530 2770 1755 2846 Ambrosium,
1780 2780 1815 2835 et

463 2893 599 2956 beatum
617 2891 821 2972 Gregorium‚
844 2901 877 2955 et
900 2911 1016 2954 omnes
1035 2890 1118 2954 alios
1141 2892 1315 2972 scriptores
1337 2892 1478 2954 dicendo
1494 2891 1629 2955 ‘Vathl'
1650 2895 1693 2956 de
1715 2893 1815 2974 scrip-

464 3015 508 3077 tis
535 3033 648 3077 eorum
671 3022 860 3075 sanctorum
884 3013 944 3075 nisi
968 3012 1097 3074 racione
1124 3011 1263 3074 naturali
1287 3013 1376 3074 dicta
1402 3033 1461 3075 sua
1486 3013 1670 3094 probarent.
1718 3013 1815 3088 Item,
1853 3023 1859 3032 '

463 3133 543 3216 quia
564 3133 697 3214 negavit
723 3153 899 3196 commune
925 3131 1105 3196 cimbolum
1128 3153 1199 3196 esse
1226 3133 1404 3196 cimbolum
1428 3133 1471 3196 ab
1494 3134 1654 3216 apostolis
1676 3135 1814 3197 editum.

465 3255 561 3327 Item,
588 3254 666 3336 quia
691 3253 768 3318 iecit
792 3273 914 3316 novum
941 3264 975 3317 et
1002 3254 1138 3335 longum
1165 3253 1344 3316 cimbolum
1371 3273 1467 3317 suum
1492 3255 1660 3336 proprium
1686 3255 1719 3318 in
1742 3255 1815 3318 An-

464 3374 567 3457 glicis,
598 3375 631 3437 in
662 3395 729 3458 quo
758 3375 871 3438 omisit
900 3386 991 3439 certa
1016 3375 1125 3458 posita
1152 3375 1185 3437 in
1212 3375 1355 3439 cimbolo
1380 3385 1492 3438 nostro
1521 3376 1755 3458 apostolorum,
1782 3385 1816 3440 et

463 3497 594 3578 scripsit
609 3496 699 3577 quod
721 3494 823 3559 homo
842 3497 990 3560 crederet
1011 3496 1184 3561 ecclesiam
1200 3495 1397 3560 catholicam
1416 3518 1498 3576 esse,
1515 3498 1575 3561 sed
1595 3518 1662 3561 non
1685 3507 1817 3562 tenetur

464 3627 552 3681 stare
581 3616 849 3680 determinacioni
880 3617 1034 3695 ecclesiae,
1058 3618 1086 3680 si
1115 3617 1217 3680 homo
1247 3616 1369 3681 habeat
1400 3618 1618 3682 sufficientem
1648 3620 1816 3701 exceptio-

466 3756 542 3800 nem
565 3737 599 3799 in
619 3736 751 3819 ingenio
770 3757 830 3800 suo
849 3745 963 3801 contra
983 3736 1085 3800 illam.
1122 3736 1168 3800 Et
1190 3736 1308 3800 eodem
1331 3757 1418 3801 anno
1440 3736 1500 3801 Xti
1520 3736 1599 3818 Jesu
1620 3743 1690 3800 m¹¹³⁰
1705 3743 1818 3802 cccc¹¹¹⁰

465 3857 740 3939 quinquagesimo
769 3857 921 3940 septimo,
946 3857 983 3940 ijl
1005 3857 1172 3920 dominica
1200 3858 1364 3921 adventus
1395 3857 1539 3932 Domini,
1564 3878 1639 3940 quae
1669 3857 1731 3922 suit
1761 3857 1818 3922 illo

465 3998 553 4041 anno
579 3979 613 4040 in
637 3977 691 4041 die
716 3976 849 4042 Sanctae
876 3977 1031 4042 Barbarae
1056 3977 1191 4060 virginis
1218 3988 1252 4042 et
1278 3978 1429 4053 martiris
1455 3999 1499 4043 sc.
1525 3989 1643 4062 quarto
1669 3979 1723 4043 die
1748 3979 1819 4043 De-

466 4097 615 4177 cembris,
634 4098 667 4160 in
688 4099 867 4182 praesencia
886 4099 1123 4182 archiepiscopi
1144 4097 1270 4162 Bouser
1290 4109 1323 4163 et
1346 4099 1574 4183 episcoporum
1597 4100 1761 4164 Roffensis
1784 4109 1818 4166 et

467 4217 717 4296 Londoniensis,
741 4219 830 4284 idem
856 4221 965 4285 Pecok
990 4219 1124 4286 recessit
1146 4241 1167 4284 a
1188 4219 1278 4284 libris
1301 4221 1367 4284 suis
1392 4221 1555 4299 omnibus,
1576 4231 1610 4285 et
1633 4221 1817 4303 inscriptis
