4378 4936
479 403 540 450 120
854 393 953 449 LOCI
978 394 1008 448 E
1036 393 1161 448 LIBRO
1197 395 1457 452 VERITATUM.

476 631 565 688 cave,
580 630 623 674 ne
632 609 704 692 jam
725 610 815 674 dicas
838 610 872 674 in
892 611 992 676 corde
1011 620 1079 687 tuo,
1096 613 1191 676 ‘Non
1214 632 1293 678 curo
1312 614 1402 696 quod
1424 635 1499 697 ago,
1516 613 1607 696 quod
1632 614 1730 687 michi
1751 614 1832 680 libet

476 732 606 810 faciam,
632 731 711 814 quia
737 729 893 795 facillime
919 741 954 797 et
979 731 1138 796 citissime
1163 732 1296 798 habebo
1321 735 1452 800 veniam
1482 735 1632 800 omnium
1659 734 1831 810 malorum,

475 854 556 936 quia
573 852 819 936 appropinquat
839 863 971 935 tempus
991 852 1209 936 indulgenciae
1230 874 1396 920 concessae
1412 877 1432 919 a
1447 875 1545 938 papa,
1560 855 1663 920 talem
1681 864 1714 920 et
1729 855 1831 920 talem

476 974 587 1038 locum
609 968 839 1038 visitantibus?
885 973 985 1057 Papae
1008 974 1097 1040 enim
1120 973 1274 1040 solebant
1296 975 1447 1050 scribere,
1471 975 1525 1042 ‘Si
1548 975 1666 1059 aliquis
1688 976 1751 1040 sub
1772 997 1833 1059 spe

475 1095 581 1160 veniae
606 1093 771 1159 habendae
797 1113 857 1176 per
882 1092 1109 1175 indulgencias
1134 1115 1155 1160 a
1182 1095 1278 1158 nobis
1304 1116 1478 1160 concessas
1504 1097 1698 1178 peccaverit,
1720 1097 1831 1179 quoad

476 1215 594 1297 ipsum,
620 1215 788 1280 concessio
815 1223 928 1278 nostra
954 1213 1045 1278 irrita
1070 1215 1114 1281 sit
1139 1224 1173 1278 et
1199 1212 1326 1280 inanis?
1383 1215 1467 1280 Haec
1497 1217 1657 1298 cogitatio
1682 1219 1771 1282 enim
1797 1226 1832 1282 et

476 1336 617 1402 audacia
640 1335 801 1418 peccandi
823 1335 886 1398 sub
909 1355 969 1418 spe
989 1335 1096 1400 veniae
1119 1344 1169 1400 est
1191 1335 1353 1418 cogitacio
1375 1335 1487 1418 impia.

563 1465 598 1533 [p.
615 1465 684 1533 594]
726 1456 830 1522 Anno
852 1455 912 1520 Xti
934 1455 1015 1536 Jesu
1039 1462 1111 1519 m¹⁰⁰
1133 1463 1245 1522 cccc¹¹²⁰
1267 1457 1543 1539 quinquagesimo
1565 1459 1681 1539 primo,
1703 1457 1832 1540 legatus

476 1578 510 1644 in
542 1569 700 1659 Ungariae
732 1597 879 1659 regnum,
912 1597 973 1659 per
1004 1597 1127 1660 papam
1163 1576 1364 1642 Nicholaum
1394 1577 1557 1659 quintum,
1586 1577 1649 1642 luit
1678 1577 1832 1641 dominus

476 1695 658 1764 Nicholaus
687 1699 731 1762 de
761 1695 859 1776 Cusa,
885 1696 1062 1762 cardinalis
1091 1697 1180 1764 tituli
1211 1696 1326 1762 Sancti
1358 1697 1445 1762 Petri
1476 1697 1510 1762 in
1536 1697 1693 1776 Vinculis,
1718 1706 1757 1761 ut
1787 1697 1832 1761 ibi

476 1819 614 1902 legatus,
629 1819 826 1884 auctoritate
844 1839 941 1902 papae
963 1813 1076 1900 ipsius,
1092 1820 1186 1883 daret
1205 1818 1448 1902 indulgenciam
1468 1838 1543 1900 quae
1562 1817 1704 1883 habetur
1722 1819 1833 1882 Roma

475 1941 510 2004 in
532 1959 620 2004 anno
641 1939 790 2021 Jubeleo,
807 1938 942 2004 cuilibet
964 1959 1115 2020 personae
1138 1941 1172 2002 in
1195 1959 1297 2022 regno
1321 1939 1488 2020 Ungariae,
1511 1938 1568 2021 qui
1591 1939 1685 2004 daret
1708 1939 1832 2002 medie·

474 2069 581 2126 tatem
603 2061 752 2143 pecuniae
767 2080 869 2143 quam
889 2061 1094 2142 expenderet
1116 2061 1226 2124 eundo
1248 2060 1282 2124 in
1304 2059 1459 2138 Romam,
1476 2068 1509 2124 et
1529 2059 1586 2122 illa
1605 2061 1746 2141 pecunia
1765 2057 1832 2124 col-

424 2151 426 2158 ,
475 2181 563 2246 lecta
581 2202 641 2265 per
663 2181 755 2244 illum
778 2180 989 2258 cardinalem,
1009 2181 1164 2245 dominus
1185 2181 1355 2263 Johannes
1378 2181 1528 2264 Hungat,
1549 2201 1661 2246 comes
1683 2180 1833 2262 Wyster·

475 2303 602 2381 elensis,
617 2303 820 2385 gubernator
846 2302 931 2384 regis
954 2310 988 2366 ct
1011 2303 1102 2384 regni
1127 2303 1317 2386 Hungariae,
1333 2322 1408 2367 cum
1430 2303 1610 2368 baronibus
1632 2301 1718 2367 illius
1740 2301 1832 2385 regni

475 2424 624 2489 iecerunt
648 2426 739 2507 quod
767 2444 884 2488 omnes
914 2422 980 2488 illae
1006 2424 1156 2507 pecuniae
1182 2424 1332 2490 collectae
1360 2445 1419 2507 per
1449 2423 1541 2488 illum
1568 2423 1768 2488 cardinalem
1795 2432 1833 2488 ut

476 2555 623 2628 portaret
650 2547 771 2609 Romae
799 2555 971 2609 manerent
996 2546 1030 2609 in
1058 2547 1216 2628 Ungaria,
1239 2548 1283 2610 ad
1308 2546 1553 2610 defendendum
1579 2545 1682 2610 etad
1708 2543 1833 2608 condu-

475 2667 619 2732 cendum
643 2667 786 2731 Xtianos
808 2677 924 2731 contra
945 2667 1081 2743 Turcos‚
1106 2668 1139 2730 in
1161 2689 1303 2750 quorum
1326 2667 1448 2730 finibus
1471 2677 1504 2730 et
1528 2666 1625 2730 metis
1647 2665 1709 2748 ipsi
1732 2665 1832 2730 Turci

477 2797 622 2852 manent.
666 2787 744 2871 Quo
762 2789 886 2864 audito,
903 2808 992 2870 papa
1012 2787 1194 2852 Nicholaus
1216 2790 1351 2870 quintus
1373 2787 1685 2852 excommunicavit
1695 2787 1833 2869 praedic-

475 2919 548 2972 tum
571 2909 744 2972 dominum
767 2928 897 2973 comem
920 2910 963 2972 de
987 2907 1127 2991 Hungat
1151 2910 1184 2972 in
1209 2909 1393 2992 Hungaria,
1409 2918 1444 2972 et
1465 2908 1606 2972 barones
1627 2916 1662 2971 et
1682 2906 1832 2970 homines

475 3029 563 3094 illius
585 3030 687 3113 regni,
706 3029 763 3112 qui
783 3029 860 3093 huic
880 3029 969 3093 facto
991 3030 1248 3109 consencierunt,
1269 3041 1302 3096 et
1325 3031 1396 3112 ipse
1418 3050 1530 3094 comes
1552 3037 1587 3092 et
1609 3027 1671 3111 ipsi
1693 3028 1833 3092 barones

475 3144 540 3215 hoc
555 3151 687 3233 cognito
702 3149 880 3215 dixerunt:
904 3151 995 3213 ‘Nos
1010 3150 1218 3234 appellamus
1234 3172 1254 3214 a
1266 3151 1357 3234 Papa
1369 3143 1532 3215 Nicholao
1544 3150 1586 3212 ad
1599 3149 1705 3213 Xtum
1716 3148 1832 3230 Jesum

477 3291 536 3354 pro
562 3270 657 3353 cujus
686 3271 753 3335 fide
774 3271 986 3335 defendenda
1010 3291 1180 3335 servamus
1202 3271 1266 3335 ista
1291 3272 1433 3353 pecunia
1459 3281 1574 3335 contra
1600 3270 1832 3352 imperatorem

476 3391 668 3470 Turcorum,
691 3391 747 3474 qui
770 3401 909 3456 conatur
930 3394 1101 3457 destruere
1124 3391 1350 3455 Xtianismum
1373 3391 1436 3454 sub
1458 3391 1556 3465 coe10,
1579 3389 1681 3453 etsie
1705 3388 1832 3471 Ungari

476 3530 554 3576 eum
576 3513 726 3577 vicerunt
750 3534 839 3577 anno
863 3509 924 3575 Xti
955 3511 1048 3596 1456,
1072 3513 1106 3576 in
1132 3512 1219 3576 festo
1245 3511 1379 3577 Sanctae
1406 3512 1522 3575 Mariae
1545 3508 1766 3592 Magdalene;
1798 3516 1833 3572 et

475 3651 564 3698 anno
581 3633 718 3698 Domini
738 3645 817 3713 1451
835 3633 1071 3698 ordinaverunt
1086 3633 1177 3715 regni
1196 3633 1353 3716 Ungariae
1369 3633 1518 3709 barones,
1529 3631 1619 3714 quod
1636 3629 1744 3693 nullus
1760 3627 1833 3694 Un-

476 3755 586 3838 garius
605 3755 713 3818 exiret
729 3764 852 3818 terram
873 3774 968 3817 suam
989 3749 1032 3818 ad
1054 3747 1208 3832 Romam,
1224 3753 1285 3818 sub
1304 3773 1425 3835 magna
1446 3750 1566 3836 poena.'
1610 3750 1688 3834 Quo
1708 3749 1832 3826 audito,

476 3871 660 3940 Nicholaus
681 3875 815 3958 quintus
844 3883 922 3939 tunc
949 3895 1037 3958 papa
1063 3875 1220 3950 existens
1244 3873 1387 3938 absolvit
1413 3873 1487 3938 illos
1514 3871 1681 3953 Ungarios
1708 3870 1751 3934 de
1777 3868 1833 3934 illa

476 3997 628 4061 entencia
654 3996 1010 4060 excommunicacionis
1035 3995 1104 4060 lata
1128 4016 1188 4079 per
1217 3996 1326 4078 ipsum
1356 4014 1499 4078 papam3
1535 4000 1570 4057 et
1598 4011 1721 4075 magna
1743 3991 1833 4054 bona

476 4116 624 4181 fecerunt
656 4117 783 4200 Ungari
814 4137 890 4181 cum
923 4117 987 4180 illis
1020 4117 1167 4200 pecuniis
1197 4126 1312 4181 contra
1345 4115 1471 4180 Turcos
1504 4133 1661 4197 paganos,
1691 4131 1831 4194 quorum

477 4247 610 4301 centum
632 4237 723 4302 milia
745 4247 779 4302 et
801 4238 1042 4321 quinquaginta
1063 4237 1154 4302 milia
1174 4238 1303 4320 Ungari
1325 4237 1516 4302 occiderunt
1536 4255 1625 4298 anno
1646 4233 1706 4297 Xti
1728 4229 1811 4314 1456
1823 4253 1832 4312 ;
