<?xml version="1.0" encoding="UTF-8"?>
<!DOCTYPE html PUBLIC "-//W3C//DTD XHTML 1.0 Transitional//EN"
    "http://www.w3.org/TR/xhtml1/DTD/xhtml1-transitional.dtd">
<html xmlns="http://www.w3.org/1999/xhtml" xml:lang="en" lang="en">
 <head>
  <title>
</title>
<meta http-equiv="Content-Type" content="text/html;charset=utf-8" />
  <meta name='ocr-system' content='tesseract 3.04.00' />
  <meta name='ocr-capabilities' content='ocr_page ocr_carea ocr_par ocr_line ocrx_word'/>
</head>
<body>
  <div class='ocr_page' id='page_1' title='image "./locielibroverit01gascgoog_0181.png"; bbox 0 0 4378 4936; ppageno 0'>
   <div class='ocr_carea' id='block_1_1' title="bbox 497 391 1471 474">
    <p class='ocr_par' dir='ltr' id='par_1_1' title="bbox 497 391 1471 474">
     <span class='ocr_line' id='line_1_1' title="bbox 497 391 1471 474; baseline 0.012 -18"><span class='ocrx_word' id='word_1_1' title='bbox 497 391 535 474; x_wconf 86' lang='lat'>78</span> <span class='ocrx_word' id='word_1_2' title='bbox 870 401 969 460; x_wconf 75' lang='lat' dir='ltr'>zocr</span> <span class='ocrx_word' id='word_1_3' title='bbox 994 403 1023 460; x_wconf 73' lang='lat' dir='ltr'>r:</span> <span class='ocrx_word' id='word_1_4' title='bbox 1053 403 1177 462; x_wconf 71' lang='lat' dir='ltr'>trano</span> <span class='ocrx_word' id='word_1_5' title='bbox 1213 405 1471 468; x_wconf 72' lang='lat' dir='ltr'>vrnrrn‘rmr.</span> 
     </span>
    </p>
   </div>
   <div class='ocr_carea' id='block_1_2' title="bbox 482 617 1846 2395">
    <p class='ocr_par' dir='ltr' id='par_1_2' title="bbox 482 617 1846 2395">
     <span class='ocr_line' id='line_1_2' title="bbox 492 617 1846 708; baseline 0.012 -26"><span class='ocrx_word' id='word_1_6' title='bbox 492 639 551 701; x_wconf 88' lang='lat' dir='ltr'>pro</span> <span class='ocrx_word' id='word_1_7' title='bbox 575 629 711 703; x_wconf 87' lang='lat' dir='ltr'>peccato</span> <span class='ocrx_word' id='word_1_8' title='bbox 738 631 771 685; x_wconf 88' lang='lat' dir='ltr'>et</span> <span class='ocrx_word' id='word_1_9' title='bbox 794 629 872 685; x_wconf 94' lang='lat' dir='ltr'>tunc</span> <span class='ocrx_word' id='word_1_10' title='bbox 899 617 1110 685; x_wconf 86' lang='lat' dir='ltr'>curabimini&#39;</span> <span class='ocrx_word' id='word_1_11' title='bbox 1165 621 1283 687; x_wconf 88' lang='lat' dir='ltr'>Redde</span> <span class='ocrx_word' id='word_1_12' title='bbox 1311 644 1389 708; x_wconf 84' lang='lat' dir='ltr'>ergo</span> <span class='ocrx_word' id='word_1_13' title='bbox 1412 627 1501 708; x_wconf 92' lang='lat' dir='ltr'>quod</span> <span class='ocrx_word' id='word_1_14' title='bbox 1530 627 1639 707; x_wconf 89' lang='lat' dir='ltr'>debes,</span> <span class='ocrx_word' id='word_1_15' title='bbox 1664 629 1784 696; x_wconf 86' lang='lat' dir='ltr'>affectu</span> <span class='ocrx_word' id='word_1_16' title='bbox 1812 639 1846 698; x_wconf 92' lang='lat' dir='ltr'>et</span> 
     </span>
     <span class='ocr_line' id='line_1_3' title="bbox 492 741 1845 826; baseline 0.01 -22"><span class='ocrx_word' id='word_1_17' title='bbox 492 741 619 818; x_wconf 83' lang='lat' dir='ltr'>effectu,</span> <span class='ocrx_word' id='word_1_18' title='bbox 646 752 680 806; x_wconf 89' lang='lat' dir='ltr'>et</span> <span class='ocrx_word' id='word_1_19' title='bbox 706 742 733 805; x_wconf 91' lang='lat' dir='ltr'>si</span> <span class='ocrx_word' id='word_1_20' title='bbox 765 761 830 805; x_wconf 92' lang='lat' dir='ltr'>non</span> <span class='ocrx_word' id='word_1_21' title='bbox 860 751 955 824; x_wconf 90' lang='lat' dir='ltr'>potes</span> <span class='ocrx_word' id='word_1_22' title='bbox 981 741 1109 819; x_wconf 82' lang='lat' dir='ltr'>effectu,</span> <span class='ocrx_word' id='word_1_23' title='bbox 1139 742 1259 807; x_wconf 81' lang='lat' dir='ltr'>affectu</span> <span class='ocrx_word' id='word_1_24' title='bbox 1290 747 1433 825; x_wconf 86' lang='lat' dir='ltr'>restitue,</span> <span class='ocrx_word' id='word_1_25' title='bbox 1456 757 1490 812; x_wconf 89' lang='lat' dir='ltr'>et</span> <span class='ocrx_word' id='word_1_26' title='bbox 1521 749 1636 826; x_wconf 86' lang='lat' dir='ltr'>clama,</span> <span class='ocrx_word' id='word_1_27' title='bbox 1663 752 1845 820; x_wconf 90' lang='lat' dir='ltr'>‘Dominel</span> 
     </span>
     <span class='ocr_line' id='line_1_4' title="bbox 493 861 1845 952; baseline 0.01 -27"><span class='ocrx_word' id='word_1_28' title='bbox 493 861 654 927; x_wconf 77' lang='lat' dir='ltr'>Domine!</span> <span class='ocrx_word' id='word_1_29' title='bbox 688 865 821 946; x_wconf 91' lang='lat' dir='ltr'>copiosa</span> <span class='ocrx_word' id='word_1_30' title='bbox 843 864 1038 945; x_wconf 88' lang='lat' dir='ltr'>redempci0‚</span> <span class='ocrx_word' id='word_1_31' title='bbox 1058 861 1150 927; x_wconf 89' lang='lat' dir='ltr'>solve</span> <span class='ocrx_word' id='word_1_32' title='bbox 1174 884 1234 946; x_wconf 90' lang='lat' dir='ltr'>pro</span> <span class='ocrx_word' id='word_1_33' title='bbox 1256 886 1318 942; x_wconf 92' lang='lat' dir='ltr'>me,</span> <span class='ocrx_word' id='word_1_34' title='bbox 1340 877 1375 931; x_wconf 89' lang='lat' dir='ltr'>et</span> <span class='ocrx_word' id='word_1_35' title='bbox 1395 868 1538 933; x_wconf 86' lang='lat' dir='ltr'>retribue</span> <span class='ocrx_word' id='word_1_36' title='bbox 1562 889 1622 952; x_wconf 88' lang='lat' dir='ltr'>pro</span> <span class='ocrx_word' id='word_1_37' title='bbox 1643 870 1731 936; x_wconf 90' lang='lat' dir='ltr'>mel’</span> <span class='ocrx_word' id='word_1_38' title='bbox 1776 873 1845 938; x_wconf 90' lang='lat' dir='ltr'>Sed</span> 
     </span>
     <span class='ocr_line' id='line_1_5' title="bbox 492 981 1844 1076; baseline 0.009 -29"><span class='ocrx_word' id='word_1_39' title='bbox 492 991 559 1048; x_wconf 82' lang='lat' dir='ltr'>‘vae</span> <span class='ocrx_word' id='word_1_40' title='bbox 578 985 640 1048; x_wconf 92' lang='lat' dir='ltr'>illis</span> <span class='ocrx_word' id='word_1_41' title='bbox 652 984 672 1049; x_wconf 88' lang='lat' dir='ltr'>l&#39;</span> <span class='ocrx_word' id='word_1_42' title='bbox 695 985 775 1049; x_wconf 87' lang='lat' dir='ltr'>dicit</span> <span class='ocrx_word' id='word_1_43' title='bbox 792 984 963 1062; x_wconf 89' lang='lat' dir='ltr'><strong>Dominus,</strong></span> <span class='ocrx_word' id='word_1_44' title='bbox 979 981 1091 1048; x_wconf 86' lang='lat' dir='ltr'>Ysaiae</span> <span class='ocrx_word' id='word_1_45' title='bbox 1112 985 1228 1066; x_wconf 90' lang='lat' dir='ltr'>quinto</span> <span class='ocrx_word' id='word_1_46' title='bbox 1250 987 1493 1072; x_wconf 88' lang='lat' dir='ltr'>capitu10‚‘qui</span> <span class='ocrx_word' id='word_1_47' title='bbox 1511 990 1690 1073; x_wconf 88' lang='lat' dir='ltr'>justificant</span> <span class='ocrx_word' id='word_1_48' title='bbox 1706 993 1844 1076; x_wconf 91' lang='lat' dir='ltr'>impium</span> 
     </span>
     <span class='ocr_line' id='line_1_6' title="bbox 491 1103 1844 1193; baseline 0.008 -25"><span class='ocrx_word' id='word_1_49' title='bbox 491 1127 551 1189; x_wconf 93' lang='lat' dir='ltr'>pro</span> <span class='ocrx_word' id='word_1_50' title='bbox 582 1103 789 1184; x_wconf 91' lang='lat' dir='ltr'>muneribus,’</span> <span class='ocrx_word' id='word_1_51' title='bbox 816 1108 834 1169; x_wconf 90' lang='lat' dir='ltr'>i.</span> <span class='ocrx_word' id='word_1_52' title='bbox 849 1128 877 1169; x_wconf 92' lang='lat' dir='ltr'>e.</span> <span class='ocrx_word' id='word_1_53' title='bbox 902 1105 957 1188; x_wconf 94' lang='lat' dir='ltr'>qui</span> <span class='ocrx_word' id='word_1_54' title='bbox 988 1105 1102 1169; x_wconf 92' lang='lat' dir='ltr'>dicunt</span> <span class='ocrx_word' id='word_1_55' title='bbox 1132 1106 1270 1188; x_wconf 91' lang='lat' dir='ltr'>impium</span> <span class='ocrx_word' id='word_1_56' title='bbox 1297 1107 1423 1190; x_wconf 87' lang='lat' dir='ltr'>justum</span> <span class='ocrx_word' id='word_1_57' title='bbox 1446 1131 1519 1176; x_wconf 89' lang='lat' dir='ltr'>esse</span> <span class='ocrx_word' id='word_1_58' title='bbox 1548 1132 1660 1176; x_wconf 85' lang='lat' dir='ltr'>comm</span> <span class='ocrx_word' id='word_1_59' title='bbox 1684 1114 1767 1193; x_wconf 89' lang='lat' dir='ltr'>Deo,</span> <span class='ocrx_word' id='word_1_60' title='bbox 1791 1121 1844 1179; x_wconf 92' lang='lat' dir='ltr'>‘et</span> 
     </span>
     <span class='ocr_line' id='line_1_7' title="bbox 490 1224 1844 1310; baseline 0.008 -21"><span class='ocrx_word' id='word_1_61' title='bbox 490 1227 546 1309; x_wconf 93' lang='lat' dir='ltr'>qui</span> <span class='ocrx_word' id='word_1_62' title='bbox 576 1227 690 1291; x_wconf 89' lang='lat' dir='ltr'>dicunt</span> <span class='ocrx_word' id='word_1_63' title='bbox 720 1226 844 1291; x_wconf 90' lang='lat' dir='ltr'>bonum</span> <span class='ocrx_word' id='word_1_64' title='bbox 870 1246 942 1289; x_wconf 89' lang='lat' dir='ltr'>esse</span> <span class='ocrx_word' id='word_1_65' title='bbox 972 1224 1096 1289; x_wconf 92' lang='lat' dir='ltr'>malum</span> <span class='ocrx_word' id='word_1_66' title='bbox 1126 1235 1161 1289; x_wconf 90' lang='lat' dir='ltr'>et</span> <span class='ocrx_word' id='word_1_67' title='bbox 1189 1225 1313 1290; x_wconf 89' lang='lat' dir='ltr'>malum</span> <span class='ocrx_word' id='word_1_68' title='bbox 1343 1227 1490 1293; x_wconf 65' lang='lat' dir='ltr'>bonum!</span> <span class='ocrx_word' id='word_1_69' title='bbox 1539 1229 1639 1296; x_wconf 85' lang='lat' dir='ltr'>Tales</span> <span class='ocrx_word' id='word_1_70' title='bbox 1666 1234 1788 1310; x_wconf 93' lang='lat' dir='ltr'>dicunt,</span> <span class='ocrx_word' id='word_1_71' title='bbox 1816 1235 1844 1300; x_wconf 88' lang='lat' dir='ltr'>si</span> 
     </span>
     <span class='ocr_line' id='line_1_8' title="bbox 489 1341 1842 1432; baseline 0.007 -22"><span class='ocrx_word' id='word_1_72' title='bbox 489 1349 642 1412; x_wconf 89' lang='lat' dir='ltr'>sacerdos</span> <span class='ocrx_word' id='word_1_73' title='bbox 668 1347 819 1411; x_wconf 89' lang='lat' dir='ltr'>absolvat</span> <span class='ocrx_word' id='word_1_74' title='bbox 845 1347 1002 1411; x_wconf 86' lang='lat' dir='ltr'>vocaliter</span> <span class='ocrx_word' id='word_1_75' title='bbox 1025 1341 1204 1425; x_wconf 87' lang='lat' dir='ltr'>bominem¹</span> <span class='ocrx_word' id='word_1_76' title='bbox 1228 1346 1338 1412; x_wconf 88' lang='lat' dir='ltr'>salvus</span> <span class='ocrx_word' id='word_1_77' title='bbox 1367 1358 1418 1412; x_wconf 90' lang='lat' dir='ltr'>est</span> <span class='ocrx_word' id='word_1_78' title='bbox 1444 1371 1464 1412; x_wconf 95' lang='lat' dir='ltr'>a</span> <span class='ocrx_word' id='word_1_79' title='bbox 1490 1352 1643 1432; x_wconf 90' lang='lat' dir='ltr'>peccatis,</span> <span class='ocrx_word' id='word_1_80' title='bbox 1670 1362 1704 1416; x_wconf 91' lang='lat' dir='ltr'>et</span> <span class='ocrx_word' id='word_1_81' title='bbox 1730 1364 1842 1420; x_wconf 85' lang='lat' dir='ltr'>tamen</span> 
     </span>
     <span class='ocr_line' id='line_1_9' title="bbox 489 1465 1844 1558; baseline 0.007 -28"><span class='ocrx_word' id='word_1_82' title='bbox 489 1467 574 1532; x_wconf 86' lang='lat' dir='ltr'>sorte</span> <span class='ocrx_word' id='word_1_83' title='bbox 597 1488 661 1531; x_wconf 92' lang='lat' dir='ltr'>non</span> <span class='ocrx_word' id='word_1_84' title='bbox 685 1479 736 1532; x_wconf 90' lang='lat' dir='ltr'>est</span> <span class='ocrx_word' id='word_1_85' title='bbox 758 1465 929 1531; x_wconf 88' lang='lat' dir='ltr'>absolutus</span> <span class='ocrx_word' id='word_1_86' title='bbox 951 1487 972 1530; x_wconf 93' lang='lat' dir='ltr'>a</span> <span class='ocrx_word' id='word_1_87' title='bbox 994 1467 1077 1544; x_wconf 92' lang='lat' dir='ltr'>Deo,</span> <span class='ocrx_word' id='word_1_88' title='bbox 1101 1467 1179 1549; x_wconf 91' lang='lat' dir='ltr'>quia</span> <span class='ocrx_word' id='word_1_89' title='bbox 1202 1488 1268 1531; x_wconf 93' lang='lat' dir='ltr'>non</span> <span class='ocrx_word' id='word_1_90' title='bbox 1291 1467 1393 1533; x_wconf 86' lang='lat' dir='ltr'>habet</span> <span class='ocrx_word' id='word_1_91' title='bbox 1419 1473 1575 1553; x_wconf 90' lang='lat' dir='ltr'>requisita</span> <span class='ocrx_word' id='word_1_92' title='bbox 1601 1473 1644 1537; x_wconf 90' lang='lat' dir='ltr'>ad</span> <span class='ocrx_word' id='word_1_93' title='bbox 1669 1473 1741 1553; x_wconf 91' lang='lat' dir='ltr'>hoc,</span> <span class='ocrx_word' id='word_1_94' title='bbox 1765 1477 1844 1558; x_wconf 85' lang='lat' dir='ltr'>quia</span> 
     </span>
     <span class='ocr_line' id='line_1_10' title="bbox 489 1587 1843 1672; baseline 0.005 -21"><span class='ocrx_word' id='word_1_95' title='bbox 489 1587 583 1652; x_wconf 90' lang='lat' dir='ltr'>Deus</span> <span class='ocrx_word' id='word_1_96' title='bbox 609 1591 723 1671; x_wconf 87' lang='lat' dir='ltr'>pocius</span> <span class='ocrx_word' id='word_1_97' title='bbox 749 1588 867 1671; x_wconf 79' lang='lat' dir='ltr'>quaerit</span> <span class='ocrx_word' id='word_1_98' title='bbox 893 1588 996 1652; x_wconf 90' lang='lat' dir='ltr'>vitam</span> <span class='ocrx_word' id='word_1_99' title='bbox 1023 1588 1226 1670; x_wconf 89' lang='lat' dir='ltr'>spiritualem</span> <span class='ocrx_word' id='word_1_100' title='bbox 1254 1609 1274 1652; x_wconf 93' lang='lat' dir='ltr'>a</span> <span class='ocrx_word' id='word_1_101' title='bbox 1304 1590 1488 1672; x_wconf 86' lang='lat' dir='ltr'>poenitente</span> <span class='ocrx_word' id='word_1_102' title='bbox 1514 1602 1549 1657; x_wconf 90' lang='lat' dir='ltr'>et</span> <span class='ocrx_word' id='word_1_103' title='bbox 1574 1593 1696 1657; x_wconf 89' lang='lat' dir='ltr'>bonam</span> <span class='ocrx_word' id='word_1_104' title='bbox 1726 1596 1843 1660; x_wconf 87' lang='lat' dir='ltr'>volun·</span> 
     </span>
     <span class='ocr_line' id='line_1_11' title="bbox 488 1709 1842 1796; baseline 0.004 -23"><span class='ocrx_word' id='word_1_105' title='bbox 488 1719 592 1773; x_wconf 87' lang='lat' dir='ltr'>tatem</span> <span class='ocrx_word' id='word_1_106' title='bbox 630 1729 730 1792; x_wconf 87' lang='lat' dir='ltr'>quam</span> <span class='ocrx_word' id='word_1_107' title='bbox 763 1709 967 1773; x_wconf 85' lang='lat' dir='ltr'>sentenciam</span> <span class='ocrx_word' id='word_1_108' title='bbox 1007 1709 1197 1786; x_wconf 89' lang='lat' dir='ltr'>sacerdotis,</span> <span class='ocrx_word' id='word_1_109' title='bbox 1228 1719 1264 1774; x_wconf 91' lang='lat' dir='ltr'>ut</span> <span class='ocrx_word' id='word_1_110' title='bbox 1301 1720 1445 1774; x_wconf 90' lang='lat' dir='ltr'>testatur</span> <span class='ocrx_word' id='word_1_111' title='bbox 1474 1712 1618 1777; x_wconf 86' lang='lat' dir='ltr'>Sanctus</span> <span class='ocrx_word' id='word_1_112' title='bbox 1655 1714 1842 1796; x_wconf 90' lang='lat' dir='ltr'>Jeronimus</span> 
     </span>
     <span class='ocr_line' id='line_1_12' title="bbox 487 1830 1841 1913; baseline 0.007 -20"><span class='ocrx_word' id='word_1_113' title='bbox 487 1850 586 1912; x_wconf 90' lang='lat' dir='ltr'>super</span> <span class='ocrx_word' id='word_1_114' title='bbox 608 1830 791 1906; x_wconf 91' lang='lat' dir='ltr'>Matheum,</span> <span class='ocrx_word' id='word_1_115' title='bbox 816 1830 962 1913; x_wconf 91' lang='lat' dir='ltr'>capitulo</span> <span class='ocrx_word' id='word_1_116' title='bbox 984 1841 1083 1894; x_wconf 86' lang='lat' dir='ltr'>sexto</span> <span class='ocrx_word' id='word_1_117' title='bbox 1108 1831 1257 1894; x_wconf 91' lang='lat' dir='ltr'>decimo:</span> <span class='ocrx_word' id='word_1_118' title='bbox 1289 1832 1456 1896; x_wconf 91' lang='lat' dir='ltr'>sentencia</span> <span class='ocrx_word' id='word_1_119' title='bbox 1483 1834 1571 1896; x_wconf 92' lang='lat' dir='ltr'>enim</span> <span class='ocrx_word' id='word_1_120' title='bbox 1600 1836 1781 1900; x_wconf 88' lang='lat' dir='ltr'>sacerdotis</span> <span class='ocrx_word' id='word_1_121' title='bbox 1808 1839 1841 1902; x_wconf 93' lang='lat' dir='ltr'>in</span> 
     </span>
     <span class='ocr_line' id='line_1_13' title="bbox 486 1951 1842 2039; baseline 0.008 -26"><span class='ocrx_word' id='word_1_122' title='bbox 486 1951 690 2015; x_wconf 88' lang='lat' dir='ltr'>absolvendo</span> <span class='ocrx_word' id='word_1_123' title='bbox 720 1951 900 2034; x_wconf 89' lang='lat' dir='ltr'>requiritur,</span> <span class='ocrx_word' id='word_1_124' title='bbox 931 1951 957 2013; x_wconf 94' lang='lat' dir='ltr'>si</span> <span class='ocrx_word' id='word_1_125' title='bbox 991 1951 1072 2014; x_wconf 90' lang='lat' dir='ltr'>assit</span> <span class='ocrx_word' id='word_1_126' title='bbox 1101 1951 1249 2028; x_wconf 72' lang='lat' dir='ltr'>facultas</span> <span class='ocrx_word' id='word_1_127' title='bbox 1280 1961 1330 2015; x_wconf 91' lang='lat' dir='ltr'>set</span> <span class='ocrx_word' id='word_1_128' title='bbox 1364 1953 1470 2035; x_wconf 84' lang='lat' dir='ltr'>magis</span> <span class='ocrx_word' id='word_1_129' title='bbox 1502 1954 1709 2036; x_wconf 88' lang='lat' dir='ltr'>requiruntur</span> <span class='ocrx_word' id='word_1_130' title='bbox 1740 1977 1842 2039; x_wconf 80' lang='lat' dir='ltr'>opera</span> 
     </span>
     <span class='ocr_line' id='line_1_14' title="bbox 486 2071 1840 2158; baseline 0.004 -24"><span class='ocrx_word' id='word_1_131' title='bbox 486 2091 544 2135; x_wconf 92' lang='lat' dir='ltr'>seu</span> <span class='ocrx_word' id='word_1_132' title='bbox 568 2083 670 2151; x_wconf 77' lang='lat' dir='ltr'>actus¹</span> <span class='ocrx_word' id='word_1_133' title='bbox 692 2073 761 2136; x_wconf 92' lang='lat' dir='ltr'>sine</span> <span class='ocrx_word' id='word_1_134' title='bbox 786 2071 905 2155; x_wconf 92' lang='lat' dir='ltr'>quibus</span> <span class='ocrx_word' id='word_1_135' title='bbox 926 2072 1026 2150; x_wconf 90' lang='lat' dir='ltr'>Deus,</span> <span class='ocrx_word' id='word_1_136' title='bbox 1050 2071 1236 2154; x_wconf 76' lang='lat' dir='ltr'>principalis</span> <span class='ocrx_word' id='word_1_137' title='bbox 1256 2071 1426 2136; x_wconf 88' lang='lat' dir='ltr'>absolutor</span> <span class='ocrx_word' id='word_1_138' title='bbox 1448 2073 1554 2156; x_wconf 79' lang='lat' dir='ltr'>culpae</span> <span class='ocrx_word' id='word_1_139' title='bbox 1579 2085 1614 2139; x_wconf 91' lang='lat' dir='ltr'>et</span> <span class='ocrx_word' id='word_1_140' title='bbox 1637 2096 1754 2158; x_wconf 84' lang='lat' dir='ltr'>poenae,</span> <span class='ocrx_word' id='word_1_141' title='bbox 1774 2097 1840 2140; x_wconf 94' lang='lat' dir='ltr'>non</span> 
     </span>
     <span class='ocr_line' id='line_1_15' title="bbox 482 2191 1839 2277; baseline 0.004 -22"><span class='ocrx_word' id='word_1_142' title='bbox 482 2192 643 2275; x_wconf 89' lang='lat' dir='ltr'>justificat</span> <span class='ocrx_word' id='word_1_143' title='bbox 670 2193 831 2275; x_wconf 90' lang='lat' dir='ltr'>impium;</span> <span class='ocrx_word' id='word_1_144' title='bbox 861 2191 951 2255; x_wconf 92' lang='lat' dir='ltr'>solus</span> <span class='ocrx_word' id='word_1_145' title='bbox 973 2191 1061 2254; x_wconf 90' lang='lat' dir='ltr'>enim</span> <span class='ocrx_word' id='word_1_146' title='bbox 1090 2192 1190 2270; x_wconf 89' lang='lat' dir='ltr'>Deus,</span> <span class='ocrx_word' id='word_1_147' title='bbox 1216 2192 1273 2275; x_wconf 91' lang='lat' dir='ltr'>qui</span> <span class='ocrx_word' id='word_1_148' title='bbox 1300 2191 1377 2257; x_wconf 84' lang='lat' dir='ltr'>lecit</span> <span class='ocrx_word' id='word_1_149' title='bbox 1402 2194 1560 2270; x_wconf 88' lang='lat' dir='ltr'>animum,</span> <span class='ocrx_word' id='word_1_150' title='bbox 1584 2194 1743 2277; x_wconf 87' lang='lat' dir='ltr'>justificat</span> <span class='ocrx_word' id='word_1_151' title='bbox 1769 2198 1839 2261; x_wconf 83' lang='lat' dir='ltr'>ani·</span> 
     </span>
     <span class='ocr_line' id='line_1_16' title="bbox 485 2310 1840 2395; baseline 0.004 -19"><span class='ocrx_word' id='word_1_152' title='bbox 485 2333 586 2392; x_wconf 93' lang='lat' dir='ltr'>mum,</span> <span class='ocrx_word' id='word_1_153' title='bbox 616 2323 653 2377; x_wconf 93' lang='lat' dir='ltr'>ut</span> <span class='ocrx_word' id='word_1_154' title='bbox 688 2322 829 2378; x_wconf 87' lang='lat' dir='ltr'>testatur</span> <span class='ocrx_word' id='word_1_155' title='bbox 860 2312 1002 2376; x_wconf 90' lang='lat' dir='ltr'>Sanctus</span> <span class='ocrx_word' id='word_1_156' title='bbox 1032 2310 1249 2395; x_wconf 85' lang='lat' dir='ltr'>Augustinus,</span> <span class='ocrx_word' id='word_1_157' title='bbox 1280 2313 1363 2377; x_wconf 91' lang='lat' dir='ltr'>libro</span> <span class='ocrx_word' id='word_1_158' title='bbox 1400 2335 1460 2378; x_wconf 89' lang='lat' dir='ltr'>suo</span> <span class='ocrx_word' id='word_1_159' title='bbox 1491 2313 1551 2395; x_wconf 82' lang='lat' dir='ltr'>iij0,</span> <span class='ocrx_word' id='word_1_160' title='bbox 1580 2323 1695 2380; x_wconf 90' lang='lat' dir='ltr'>contra</span> <span class='ocrx_word' id='word_1_161' title='bbox 1727 2317 1840 2381; x_wconf 87' lang='lat' dir='ltr'>omnia</span> 
     </span>
    </p>
   </div>
   <div class='ocr_carea' id='block_1_3' title="bbox 482 2431 1840 3118">
    <p class='ocr_par' dir='ltr' id='par_1_3' title="bbox 482 2431 1840 3118">
     <span class='ocr_line' id='line_1_17' title="bbox 484 2431 1838 2520; baseline 0.001 -22"><span class='ocrx_word' id='word_1_162' title='bbox 484 2455 586 2517; x_wconf 89' lang='lat' dir='ltr'>opera</span> <span class='ocrx_word' id='word_1_163' title='bbox 623 2433 782 2510; x_wconf 76' lang='lat' dir='ltr'>Petiliani</span> <span class='ocrx_word' id='word_1_164' title='bbox 815 2432 960 2515; x_wconf 90' lang='lat' dir='ltr'>episcopi</span> <span class='ocrx_word' id='word_1_165' title='bbox 995 2431 1257 2496; x_wconf 89' lang='lat' dir='ltr'>Donatistarum.</span> <span class='ocrx_word' id='word_1_166' title='bbox 1314 2432 1346 2498; x_wconf 94' lang='lat' dir='ltr'>O</span> <span class='ocrx_word' id='word_1_167' title='bbox 1384 2454 1484 2516; x_wconf 91' lang='lat' dir='ltr'>quam</span> <span class='ocrx_word' id='word_1_168' title='bbox 1522 2434 1603 2498; x_wconf 88' lang='lat' dir='ltr'>latui</span> <span class='ocrx_word' id='word_1_169' title='bbox 1643 2443 1741 2501; x_wconf 85' lang='lat' dir='ltr'>suntl</span> <span class='ocrx_word' id='word_1_170' title='bbox 1781 2437 1838 2520; x_wconf 89' lang='lat' dir='ltr'>qui</span> 
     </span>
     <span class='ocr_line' id='line_1_18' title="bbox 483 2537 1840 2639; baseline 0.002 -21"><span class='ocrx_word' id='word_1_171' title='bbox 483 2537 608 2632; x_wconf 86' lang='lat' dir='ltr'>dicunt,</span> <span class='ocrx_word' id='word_1_172' title='bbox 623 2554 701 2618; x_wconf 91' lang='lat' dir='ltr'>Non</span> <span class='ocrx_word' id='word_1_173' title='bbox 724 2574 803 2618; x_wconf 93' lang='lat' dir='ltr'>curo</span> <span class='ocrx_word' id='word_1_174' title='bbox 824 2573 898 2635; x_wconf 82' lang='lat' dir='ltr'>quae</span> <span class='ocrx_word' id='word_1_175' title='bbox 921 2573 994 2635; x_wconf 88' lang='lat' dir='ltr'>ag0,</span> <span class='ocrx_word' id='word_1_176' title='bbox 1013 2553 1091 2635; x_wconf 88' lang='lat' dir='ltr'>quia</span> <span class='ocrx_word' id='word_1_177' title='bbox 1113 2552 1140 2615; x_wconf 90' lang='lat' dir='ltr'>si</span> <span class='ocrx_word' id='word_1_178' title='bbox 1164 2554 1317 2617; x_wconf 88' lang='lat' dir='ltr'>sacerdos</span> <span class='ocrx_word' id='word_1_179' title='bbox 1339 2564 1443 2635; x_wconf 88' lang='lat' dir='ltr'>ponat</span> <span class='ocrx_word' id='word_1_180' title='bbox 1466 2575 1601 2618; x_wconf 88' lang='lat' dir='ltr'>manum</span> <span class='ocrx_word' id='word_1_181' title='bbox 1624 2576 1719 2619; x_wconf 92' lang='lat' dir='ltr'>suam</span> <span class='ocrx_word' id='word_1_182' title='bbox 1741 2577 1840 2639; x_wconf 91' lang='lat' dir='ltr'>super</span> 
     </span>
     <span class='ocr_line' id='line_1_19' title="bbox 484 2671 1837 2757; baseline 0.001 -18"><span class='ocrx_word' id='word_1_183' title='bbox 484 2685 585 2757; x_wconf 88' lang='lat' dir='ltr'>caput</span> <span class='ocrx_word' id='word_1_184' title='bbox 608 2695 728 2747; x_wconf 88' lang='lat' dir='ltr'>meum,</span> <span class='ocrx_word' id='word_1_185' title='bbox 745 2682 778 2737; x_wconf 93' lang='lat' dir='ltr'>et</span> <span class='ocrx_word' id='word_1_186' title='bbox 799 2673 897 2751; x_wconf 89' lang='lat' dir='ltr'>dicat,</span> <span class='ocrx_word' id='word_1_187' title='bbox 914 2671 1078 2737; x_wconf 86' lang='lat' dir='ltr'>‘Absolvo</span> <span class='ocrx_word' id='word_1_188' title='bbox 1099 2671 1149 2752; x_wconf 91' lang='lat' dir='ltr'>te‚’</span> <span class='ocrx_word' id='word_1_189' title='bbox 1165 2672 1275 2737; x_wconf 87' lang='lat' dir='ltr'>salvus</span> <span class='ocrx_word' id='word_1_190' title='bbox 1298 2694 1362 2752; x_wconf 92' lang='lat' dir='ltr'>ero,</span> <span class='ocrx_word' id='word_1_191' title='bbox 1379 2684 1412 2738; x_wconf 91' lang='lat' dir='ltr'>et</span> <span class='ocrx_word' id='word_1_192' title='bbox 1432 2674 1478 2738; x_wconf 92' lang='lat' dir='ltr'>ita</span> <span class='ocrx_word' id='word_1_193' title='bbox 1499 2675 1650 2753; x_wconf 89' lang='lat' dir='ltr'>mundus,</span> <span class='ocrx_word' id='word_1_194' title='bbox 1667 2677 1751 2741; x_wconf 91' lang='lat' dir='ltr'>sicut</span> <span class='ocrx_word' id='word_1_195' title='bbox 1773 2679 1837 2742; x_wconf 87' lang='lat' dir='ltr'>cati</span> 
     </span>
     <span class='ocr_line' id='line_1_20' title="bbox 485 2793 1837 2877; baseline 0.001 -18"><span class='ocrx_word' id='word_1_196' title='bbox 485 2816 539 2859; x_wconf 89' lang='lat' dir='ltr'>me</span> <span class='ocrx_word' id='word_1_197' title='bbox 566 2795 757 2859; x_wconf 87' lang='lat' dir='ltr'>lamberent.</span> <span class='ocrx_word' id='word_1_198' title='bbox 804 2793 850 2858; x_wconf 92' lang='lat' dir='ltr'>Et</span> <span class='ocrx_word' id='word_1_199' title='bbox 876 2813 977 2876; x_wconf 86' lang='lat' dir='ltr'>quam</span> <span class='ocrx_word' id='word_1_200' title='bbox 1005 2793 1097 2857; x_wconf 88' lang='lat' dir='ltr'>stulti</span> <span class='ocrx_word' id='word_1_201' title='bbox 1122 2802 1155 2856; x_wconf 96' lang='lat' dir='ltr'>et</span> <span class='ocrx_word' id='word_1_202' title='bbox 1182 2803 1328 2857; x_wconf 87' lang='lat' dir='ltr'>errantes</span> <span class='ocrx_word' id='word_1_203' title='bbox 1352 2803 1431 2857; x_wconf 89' lang='lat' dir='ltr'>sunt</span> <span class='ocrx_word' id='word_1_204' title='bbox 1455 2794 1547 2874; x_wconf 88' lang='lat' dir='ltr'>tales,</span> <span class='ocrx_word' id='word_1_205' title='bbox 1570 2796 1648 2877; x_wconf 91' lang='lat' dir='ltr'>quia</span> <span class='ocrx_word' id='word_1_206' title='bbox 1674 2796 1733 2860; x_wconf 88' lang='lat' dir='ltr'>tall</span> <span class='ocrx_word' id='word_1_207' title='bbox 1759 2795 1837 2861; x_wconf 87' lang='lat' dir='ltr'>laci·</span> 
     </span>
     <span class='ocr_line' id='line_1_21' title="bbox 484 2912 1838 2997; baseline 0.003 -19"><span class='ocrx_word' id='word_1_208' title='bbox 484 2915 579 2980; x_wconf 90' lang='lat' dir='ltr'>litate</span> <span class='ocrx_word' id='word_1_209' title='bbox 601 2916 741 2997; x_wconf 89' lang='lat' dir='ltr'>decepti,</span> <span class='ocrx_word' id='word_1_210' title='bbox 764 2913 885 2992; x_wconf 91' lang='lat' dir='ltr'>dicunt,</span> <span class='ocrx_word' id='word_1_211' title='bbox 908 2913 986 2976; x_wconf 93' lang='lat' dir='ltr'>Non</span> <span class='ocrx_word' id='word_1_212' title='bbox 1010 2933 1088 2977; x_wconf 92' lang='lat' dir='ltr'>curo</span> <span class='ocrx_word' id='word_1_213' title='bbox 1111 2933 1186 2994; x_wconf 88' lang='lat' dir='ltr'>quae</span> <span class='ocrx_word' id='word_1_214' title='bbox 1214 2912 1302 2978; x_wconf 89' lang='lat' dir='ltr'>mala</span> <span class='ocrx_word' id='word_1_215' title='bbox 1328 2913 1422 2992; x_wconf 88' lang='lat' dir='ltr'>facio,</span> <span class='ocrx_word' id='word_1_216' title='bbox 1447 2915 1525 2996; x_wconf 92' lang='lat' dir='ltr'>quia</span> <span class='ocrx_word' id='word_1_217' title='bbox 1551 2915 1617 2979; x_wconf 89' lang='lat' dir='ltr'>cito</span> <span class='ocrx_word' id='word_1_218' title='bbox 1643 2925 1677 2980; x_wconf 90' lang='lat' dir='ltr'>et</span> <span class='ocrx_word' id='word_1_219' title='bbox 1700 2915 1838 2982; x_wconf 83' lang='lat' dir='ltr'>faciliter</span> 
     </span>
     <span class='ocr_line' id='line_1_22' title="bbox 482 3033 1836 3118; baseline 0.002 -18"><span class='ocrx_word' id='word_1_220' title='bbox 482 3037 614 3100; x_wconf 92' lang='lat' dir='ltr'>veniam</span> <span class='ocrx_word' id='word_1_221' title='bbox 647 3035 754 3118; x_wconf 85' lang='lat' dir='ltr'>culpae</span> <span class='ocrx_word' id='word_1_222' title='bbox 784 3044 818 3099; x_wconf 93' lang='lat' dir='ltr'>et</span> <span class='ocrx_word' id='word_1_223' title='bbox 846 3052 956 3117; x_wconf 87' lang='lat' dir='ltr'>poenae</span> <span class='ocrx_word' id='word_1_224' title='bbox 989 3033 1138 3098; x_wconf 89' lang='lat' dir='ltr'>habebol</span> <span class='ocrx_word' id='word_1_225' title='bbox 1187 3033 1313 3113; x_wconf 90' lang='lat' dir='ltr'>Sciant,</span> <span class='ocrx_word' id='word_1_226' title='bbox 1335 3035 1450 3112; x_wconf 87' lang='lat' dir='ltr'>sciant,</span> <span class='ocrx_word' id='word_1_227' title='bbox 1479 3036 1570 3117; x_wconf 93' lang='lat' dir='ltr'>quod</span> <span class='ocrx_word' id='word_1_228' title='bbox 1601 3035 1633 3099; x_wconf 95' lang='lat' dir='ltr'>in</span> <span class='ocrx_word' id='word_1_229' title='bbox 1665 3036 1836 3102; x_wconf 86' lang='lat' dir='ltr'>voluntate</span> 
     </span>
    </p>
   </div>
   <div class='ocr_carea' id='block_1_4' title="bbox 478 3154 1836 4323">
    <p class='ocr_par' dir='ltr' id='par_1_4' title="bbox 478 3154 1836 4323">
     <span class='ocr_line' id='line_1_23' title="bbox 484 3154 1836 3235; baseline 0.002 -15"><span class='ocrx_word' id='word_1_230' title='bbox 484 3157 549 3220; x_wconf 90' lang='lat' dir='ltr'>Dei</span> <span class='ocrx_word' id='word_1_231' title='bbox 580 3157 729 3220; x_wconf 88' lang='lat' dir='ltr'>consistit</span> <span class='ocrx_word' id='word_1_232' title='bbox 758 3176 802 3221; x_wconf 91' lang='lat' dir='ltr'>an</span> <span class='ocrx_word' id='word_1_233' title='bbox 834 3155 916 3219; x_wconf 91' lang='lat' dir='ltr'>salvi</span> <span class='ocrx_word' id='word_1_234' title='bbox 947 3164 1051 3232; x_wconf 89' lang='lat' dir='ltr'>erunt,</span> <span class='ocrx_word' id='word_1_235' title='bbox 1082 3174 1125 3217; x_wconf 89' lang='lat' dir='ltr'>an</span> <span class='ocrx_word' id='word_1_236' title='bbox 1156 3173 1232 3218; x_wconf 90' lang='lat' dir='ltr'>non.</span> <span class='ocrx_word' id='word_1_237' title='bbox 1286 3154 1358 3219; x_wconf 91' lang='lat' dir='ltr'>Nec</span> <span class='ocrx_word' id='word_1_238' title='bbox 1387 3164 1439 3219; x_wconf 92' lang='lat' dir='ltr'>est</span> <span class='ocrx_word' id='word_1_239' title='bbox 1470 3156 1563 3219; x_wconf 88' lang='lat' dir='ltr'>Deus</span> <span class='ocrx_word' id='word_1_240' title='bbox 1592 3165 1629 3220; x_wconf 93' lang='lat' dir='ltr'>ut</span> <span class='ocrx_word' id='word_1_241' title='bbox 1658 3154 1768 3235; x_wconf 89' lang='lat' dir='ltr'>homo,</span> <span class='ocrx_word' id='word_1_242' title='bbox 1797 3168 1836 3224; x_wconf 89' lang='lat' dir='ltr'>ut</span> 
     </span>
     <span class='ocr_line' id='line_1_24' title="bbox 483 3272 1835 3358; baseline 0 -17"><span class='ocrx_word' id='word_1_243' title='bbox 483 3286 639 3352; x_wconf 88' lang='lat' dir='ltr'>mutetur,</span> <span class='ocrx_word' id='word_1_244' title='bbox 655 3296 715 3340; x_wconf 91' lang='lat' dir='ltr'>nec</span> <span class='ocrx_word' id='word_1_245' title='bbox 735 3286 773 3340; x_wconf 94' lang='lat' dir='ltr'>ut</span> <span class='ocrx_word' id='word_1_246' title='bbox 793 3275 994 3358; x_wconf 80' lang='lat' dir='ltr'>decipiatur3</span> <span class='ocrx_word' id='word_1_247' title='bbox 1017 3274 1139 3338; x_wconf 88' lang='lat' dir='ltr'>talibus</span> <span class='ocrx_word' id='word_1_248' title='bbox 1156 3274 1320 3338; x_wconf 89' lang='lat' dir='ltr'>Dominus</span> <span class='ocrx_word' id='word_1_249' title='bbox 1335 3276 1498 3357; x_wconf 66' lang='lat' dir='ltr'>praedixit,</span> <span class='ocrx_word' id='word_1_250' title='bbox 1515 3276 1593 3339; x_wconf 83' lang='lat' dir='ltr'>‘Vae</span> <span class='ocrx_word' id='word_1_251' title='bbox 1605 3272 1627 3339; x_wconf 86' lang='lat' dir='ltr'>l&#39;</span> <span class='ocrx_word' id='word_1_252' title='bbox 1649 3275 1835 3342; x_wconf 84' lang='lat' dir='ltr'>Ezechielis</span> 
     </span>
     <span class='ocr_line' id='line_1_25' title="bbox 482 3395 1834 3480; baseline 0.001 -20"><span class='ocrx_word' id='word_1_253' title='bbox 482 3397 566 3480; x_wconf 88' lang='lat' dir='ltr'>xiij⁰‚</span> <span class='ocrx_word' id='word_1_254' title='bbox 596 3397 693 3480; x_wconf 90' lang='lat' dir='ltr'>‘quia</span> <span class='ocrx_word' id='word_1_255' title='bbox 720 3396 932 3461; x_wconf 86' lang='lat' dir='ltr'>vivificabant</span> <span class='ocrx_word' id='word_1_256' title='bbox 961 3395 1088 3458; x_wconf 89' lang='lat' dir='ltr'>animas</span> <span class='ocrx_word' id='word_1_257' title='bbox 1118 3415 1192 3476; x_wconf 83' lang='lat' dir='ltr'>quae</span> <span class='ocrx_word' id='word_1_258' title='bbox 1223 3415 1289 3458; x_wconf 92' lang='lat' dir='ltr'>non</span> <span class='ocrx_word' id='word_1_259' title='bbox 1321 3396 1445 3474; x_wconf 88' lang='lat' dir='ltr'>vivunt,</span> <span class='ocrx_word' id='word_1_260' title='bbox 1476 3396 1677 3460; x_wconf 90' lang='lat' dir='ltr'>mencientes</span> <span class='ocrx_word' id='word_1_261' title='bbox 1709 3398 1834 3480; x_wconf 87' lang='lat' dir='ltr'>&#39;populo</span> 
     </span>
     <span class='ocr_line' id='line_1_26' title="bbox 482 3514 1833 3599; baseline 0 -18"><span class='ocrx_word' id='word_1_262' title='bbox 482 3539 568 3594; x_wconf 90' lang='lat' dir='ltr'>meo,</span> <span class='ocrx_word' id='word_1_263' title='bbox 591 3519 737 3582; x_wconf 90' lang='lat' dir='ltr'>credenti</span> <span class='ocrx_word' id='word_1_264' title='bbox 768 3517 967 3594; x_wconf 82' lang='lat' dir='ltr'>mendaciis3</span> <span class='ocrx_word' id='word_1_265' title='bbox 997 3526 1032 3580; x_wconf 92' lang='lat' dir='ltr'>et</span> <span class='ocrx_word' id='word_1_266' title='bbox 1062 3514 1259 3580; x_wconf 89' lang='lat' dir='ltr'>interficiunt</span> <span class='ocrx_word' id='word_1_267' title='bbox 1288 3517 1417 3580; x_wconf 89' lang='lat' dir='ltr'>animas</span> <span class='ocrx_word' id='word_1_268' title='bbox 1445 3537 1520 3599; x_wconf 83' lang='lat' dir='ltr'>quae</span> <span class='ocrx_word' id='word_1_269' title='bbox 1551 3537 1616 3579; x_wconf 93' lang='lat' dir='ltr'>non</span> <span class='ocrx_word' id='word_1_270' title='bbox 1641 3518 1833 3594; x_wconf 82' lang='lat' dir='ltr'>moriuntur,</span> 
     </span>
     <span class='ocr_line' id='line_1_27' title="bbox 480 3634 1834 3721; baseline -0.001 -19"><span class='ocrx_word' id='word_1_271' title='bbox 480 3649 515 3703; x_wconf 92' lang='lat' dir='ltr'>et</span> <span class='ocrx_word' id='word_1_272' title='bbox 533 3638 742 3703; x_wconf 88' lang='lat' dir='ltr'>vivificabant</span> <span class='ocrx_word' id='word_1_273' title='bbox 763 3639 890 3701; x_wconf 83' lang='lat' dir='ltr'>animas</span> <span class='ocrx_word' id='word_1_274' title='bbox 911 3635 1023 3721; x_wconf 92' lang='lat' dir='ltr'>populi</span> <span class='ocrx_word' id='word_1_275' title='bbox 1045 3636 1119 3711; x_wconf 91' lang='lat' dir='ltr'>mei,</span> <span class='ocrx_word' id='word_1_276' title='bbox 1138 3645 1173 3700; x_wconf 92' lang='lat' dir='ltr'>et</span> <span class='ocrx_word' id='word_1_277' title='bbox 1193 3634 1362 3700; x_wconf 89' lang='lat' dir='ltr'>violabant</span> <span class='ocrx_word' id='word_1_278' title='bbox 1382 3657 1436 3700; x_wconf 92' lang='lat' dir='ltr'>me</span> <span class='ocrx_word' id='word_1_279' title='bbox 1456 3637 1499 3699; x_wconf 90' lang='lat' dir='ltr'>ad</span> <span class='ocrx_word' id='word_1_280' title='bbox 1521 3635 1680 3719; x_wconf 92' lang='lat' dir='ltr'>populum</span> <span class='ocrx_word' id='word_1_281' title='bbox 1702 3638 1834 3702; x_wconf 86' lang='lat' dir='ltr'>meum.’</span> 
     </span>
     <span class='ocr_line' id='line_1_28' title="bbox 482 3753 1832 3840; baseline 0 -18"><span class='ocrx_word' id='word_1_282' title='bbox 482 3758 666 3823; x_wconf 88' lang='lat' dir='ltr'>Ezechielis</span> <span class='ocrx_word' id='word_1_283' title='bbox 689 3757 764 3839; x_wconf 87' lang='lat' dir='ltr'>xiij⁰</span> <span class='ocrx_word' id='word_1_284' title='bbox 786 3757 940 3840; x_wconf 88' lang='lat' dir='ltr'>capitulo.</span> <span class='ocrx_word' id='word_1_285' title='bbox 992 3756 1060 3839; x_wconf 92' lang='lat' dir='ltr'>Ipsi</span> <span class='ocrx_word' id='word_1_286' title='bbox 1082 3753 1207 3819; x_wconf 93' lang='lat' dir='ltr'>violant</span> <span class='ocrx_word' id='word_1_287' title='bbox 1231 3755 1350 3834; x_wconf 92' lang='lat' dir='ltr'>Deum,</span> <span class='ocrx_word' id='word_1_288' title='bbox 1373 3756 1406 3818; x_wconf 94' lang='lat' dir='ltr'>in</span> <span class='ocrx_word' id='word_1_289' title='bbox 1428 3766 1591 3838; x_wconf 91' lang='lat' dir='ltr'>quantum</span> <span class='ocrx_word' id='word_1_290' title='bbox 1615 3757 1648 3819; x_wconf 96' lang='lat' dir='ltr'>in</span> <span class='ocrx_word' id='word_1_291' title='bbox 1671 3757 1750 3839; x_wconf 86' lang='lat' dir='ltr'>ipsis</span> <span class='ocrx_word' id='word_1_292' title='bbox 1773 3767 1832 3838; x_wconf 83' lang='lat' dir='ltr'>est,</span> 
     </span>
     <span class='ocr_line' id='line_1_29' title="bbox 479 3875 1832 3962; baseline 0.001 -22"><span class='ocrx_word' id='word_1_293' title='bbox 479 3880 536 3962; x_wconf 94' lang='lat' dir='ltr'>qui</span> <span class='ocrx_word' id='word_1_294' title='bbox 562 3880 677 3943; x_wconf 90' lang='lat' dir='ltr'>dicunt</span> <span class='ocrx_word' id='word_1_295' title='bbox 705 3879 815 3942; x_wconf 91' lang='lat' dir='ltr'>Deum</span> <span class='ocrx_word' id='word_1_296' title='bbox 841 3877 926 3941; x_wconf 92' lang='lat' dir='ltr'>velle</span> <span class='ocrx_word' id='word_1_297' title='bbox 956 3886 989 3941; x_wconf 90' lang='lat' dir='ltr'>et</span> <span class='ocrx_word' id='word_1_298' title='bbox 1016 3877 1122 3941; x_wconf 86' lang='lat' dir='ltr'>lacere</span> <span class='ocrx_word' id='word_1_299' title='bbox 1148 3875 1282 3958; x_wconf 91' lang='lat' dir='ltr'>aliquid,</span> <span class='ocrx_word' id='word_1_300' title='bbox 1308 3876 1407 3958; x_wconf 89' lang='lat' dir='ltr'>quod,</span> <span class='ocrx_word' id='word_1_301' title='bbox 1433 3877 1460 3940; x_wconf 92' lang='lat' dir='ltr'>si</span> <span class='ocrx_word' id='word_1_302' title='bbox 1486 3876 1580 3940; x_wconf 91' lang='lat' dir='ltr'>Deus</span> <span class='ocrx_word' id='word_1_303' title='bbox 1607 3877 1737 3956; x_wconf 86' lang='lat' dir='ltr'>laceret,</span> <span class='ocrx_word' id='word_1_304' title='bbox 1762 3878 1832 3942; x_wconf 94' lang='lat' dir='ltr'>vio-</span> 
     </span>
     <span class='ocr_line' id='line_1_30' title="bbox 479 3995 1831 4080; baseline 0.001 -19"><span class='ocrx_word' id='word_1_305' title='bbox 479 4000 567 4062; x_wconf 90' lang='lat' dir='ltr'>latus</span> <span class='ocrx_word' id='word_1_306' title='bbox 600 4009 687 4063; x_wconf 87' lang='lat' dir='ltr'>esset</span> <span class='ocrx_word' id='word_1_307' title='bbox 716 4011 750 4062; x_wconf 91' lang='lat' dir='ltr'>et</span> <span class='ocrx_word' id='word_1_308' title='bbox 779 3998 922 4063; x_wconf 86' lang='lat' dir='ltr'>violatus</span> <span class='ocrx_word' id='word_1_309' title='bbox 951 4005 1167 4080; x_wconf 86' lang='lat' dir='ltr'>reputaretur,</span> <span class='ocrx_word' id='word_1_310' title='bbox 1197 3997 1273 4078; x_wconf 87' lang='lat' dir='ltr'>quia</span> <span class='ocrx_word' id='word_1_311' title='bbox 1304 4006 1384 4061; x_wconf 92' lang='lat' dir='ltr'>tunc</span> <span class='ocrx_word' id='word_1_312' title='bbox 1414 3997 1447 4060; x_wconf 92' lang='lat' dir='ltr'>in</span> <span class='ocrx_word' id='word_1_313' title='bbox 1477 4018 1512 4061; x_wconf 90' lang='lat' dir='ltr'>se</span> <span class='ocrx_word' id='word_1_314' title='bbox 1543 3995 1668 4061; x_wconf 92' lang='lat' dir='ltr'>malum</span> <span class='ocrx_word' id='word_1_315' title='bbox 1698 3996 1831 4062; x_wconf 83' lang='lat' dir='ltr'>laceret.</span> 
     </span>
     <span class='ocr_line' id='line_1_31' title="bbox 479 4117 1831 4203; baseline 0.001 -20"><span class='ocrx_word' id='word_1_316' title='bbox 479 4119 595 4203; x_wconf 86' lang='lat' dir='ltr'>Aliqui</span> <span class='ocrx_word' id='word_1_317' title='bbox 622 4121 709 4184; x_wconf 92' lang='lat' dir='ltr'>enim</span> <span class='ocrx_word' id='word_1_318' title='bbox 737 4121 875 4183; x_wconf 90' lang='lat' dir='ltr'>credunt</span> <span class='ocrx_word' id='word_1_319' title='bbox 898 4118 1007 4182; x_wconf 91' lang='lat' dir='ltr'>Deum</span> <span class='ocrx_word' id='word_1_320' title='bbox 1034 4118 1114 4181; x_wconf 87' lang='lat' dir='ltr'>dare</span> <span class='ocrx_word' id='word_1_321' title='bbox 1144 4119 1233 4199; x_wconf 92' lang='lat' dir='ltr'>quod</span> <span class='ocrx_word' id='word_1_322' title='bbox 1264 4137 1329 4182; x_wconf 93' lang='lat' dir='ltr'>non</span> <span class='ocrx_word' id='word_1_323' title='bbox 1360 4118 1512 4183; x_wconf 85' lang='lat' dir='ltr'>convenit</span> <span class='ocrx_word' id='word_1_324' title='bbox 1536 4117 1610 4181; x_wconf 91' lang='lat' dir='ltr'>Deo</span> <span class='ocrx_word' id='word_1_325' title='bbox 1634 4117 1721 4196; x_wconf 90' lang='lat' dir='ltr'>dare,</span> <span class='ocrx_word' id='word_1_326' title='bbox 1745 4117 1831 4184; x_wconf 87' lang='lat' dir='ltr'>sicut</span> 
     </span>
     <span class='ocr_line' id='line_1_32' title="bbox 478 4238 1830 4323; baseline -0.001 -18"><span class='ocrx_word' id='word_1_327' title='bbox 478 4242 609 4305; x_wconf 89' lang='lat' dir='ltr'>veniam</span> <span class='ocrx_word' id='word_1_328' title='bbox 644 4250 853 4323; x_wconf 89' lang='lat' dir='ltr'>peccatorum</span> <span class='ocrx_word' id='word_1_329' title='bbox 889 4239 960 4319; x_wconf 91' lang='lat' dir='ltr'>illis,</span> <span class='ocrx_word' id='word_1_330' title='bbox 990 4239 1045 4322; x_wconf 91' lang='lat' dir='ltr'>qui</span> <span class='ocrx_word' id='word_1_331' title='bbox 1079 4239 1209 4304; x_wconf 91' lang='lat' dir='ltr'>veniam</span> <span class='ocrx_word' id='word_1_332' title='bbox 1248 4259 1306 4322; x_wconf 89' lang='lat' dir='ltr'>per</span> <span class='ocrx_word' id='word_1_333' title='bbox 1340 4239 1462 4304; x_wconf 89' lang='lat' dir='ltr'>malam</span> <span class='ocrx_word' id='word_1_334' title='bbox 1498 4259 1591 4303; x_wconf 91' lang='lat' dir='ltr'>suam</span> <span class='ocrx_word' id='word_1_335' title='bbox 1622 4238 1830 4304; x_wconf 89' lang='lat' dir='ltr'>voluntatem</span> 
     </span>
    </p>
   </div>
   <div class='ocr_carea' id='block_1_5' title="bbox 0 0 2194 4936">
    <p class='ocr_par' dir='ltr' id='par_1_5' title="bbox 0 0 2194 4936">
     <span class='ocr_line' id='line_1_33' title="bbox 0 0 2194 4936; baseline 0 7"><span class='ocrx_word' id='word_1_336' title='bbox 0 0 2194 4936; x_wconf 95' lang='lat' dir='ltr'> </span> 
     </span>
    </p>
   </div>
  </div>
 </body>
</html>
