4322 4936
486 382 547 464 196
859 390 957 444 LOCI
983 389 1012 442 E
1041 389 1165 445 LIBRO
1202 391 1461 446 VERITATUM.
1502 379 1511 398 ⁸

487 731 561 787 tute
585 744 659 786 mea
682 724 751 787 vixi
775 725 974 806 patrimonio
1005 745 1079 788 meo
1106 725 1281 808 temporali
1308 727 1379 789 sine
1405 726 1472 788 alio
1495 725 1593 789 victu.
1639 725 1684 788 Et
1710 725 1837 788 utinam

488 845 571 908 dum
598 847 743 910 viverem
772 845 879 910 solum
906 846 987 909 illud
1017 847 1175 910 haberem
1205 848 1252 910 sic
1282 847 1371 930 quod
1399 847 1580 910 remediata
1604 854 1693 909 esset
1718 864 1838 927 appro-

491 965 613 1047 priatio
636 966 846 1030 ecclesiarum
873 966 916 1030 ab
946 967 1010 1030 illis
1036 967 1092 1048 qui
1116 978 1226 1031 essent
1251 968 1318 1030 veri
1346 968 1448 1031 curati
1475 977 1509 1030 et
1535 965 1736 1029 immediati!
1782 964 1839 1029 Sic

490 1105 580 1167 papa
610 1087 791 1165 Romanus
820 1087 881 1151 Xti
910 1088 1058 1164 vicarius,
1084 1087 1178 1170 plura
1207 1087 1417 1170 compellitur
1444 1087 1529 1150 velle
1558 1107 1619 1168 pro
1654 1085 1770 1150 litteris
1805 1096 1838 1149 et

492 1206 660 1270 instanciis
690 1228 804 1290 regum
828 1217 862 1271 et
891 1208 1110 1285 dominorum,
1134 1229 1209 1289 quae
1240 1207 1321 1271 alias
1351 1228 1418 1272 non
1447 1207 1555 1282 vellet,
1581 1208 1669 1271 unde
1697 1205 1839 1270 Sanctus

493 1325 681 1391 Bemardus
710 1329 757 1392 ait
787 1330 820 1392 in
852 1329 1003 1411 Epistola
1033 1331 1076 1392 ad
1106 1329 1221 1392 Adam
1253 1328 1460 1407 monachum,
1491 1329 1621 1394 ‘Credo
1649 1328 1838 1390 Romanum

491 1449 683 1530 pontificem
709 1451 789 1513 talia
816 1470 880 1514 non
905 1451 1118 1527 consensisse,
1143 1451 1204 1514 nisi
1231 1451 1419 1533 ignorancia
1448 1451 1634 1532 deceptum,
1659 1448 1712 1512 vel
1739 1450 1840 1513 nimia

493 1571 742 1654 importunitate
767 1571 953 1636 devictum’
998 1572 1099 1636 Unde
1127 1573 1238 1635 audivi
1265 1573 1355 1655 quod
1380 1592 1494 1654 nuper,
1517 1573 1550 1634 in
1573 1582 1722 1653 tempore
1744 1571 1840 1633 unius

489 1711 596 1774 papae,
617 1691 700 1756 inira
721 1713 844 1776 paucos
865 1714 970 1756 annos
997 1694 1127 1771 mortui,
1151 1695 1240 1775 quod
1264 1714 1360 1776 papa,
1387 1695 1493 1757 victus
1516 1692 1684 1756 instantiis
1710 1700 1743 1754 et
1766 1711 1840 1773 pre·

491 1811 584 1875 cibus
605 1814 846 1896 porrigencium
866 1814 973 1878 eidem
995 1813 1235 1896 postulationes
1255 1824 1288 1877 et
1306 1815 1432 1896 gracias
1453 1813 1681 1895 expectativas
1702 1811 1841 1894 scriptas

491 1933 525 1994 in
555 1933 689 2012 cedulis,
713 1935 808 2009 dixit,
834 1935 908 1997 ‘Ex
931 1956 996 2017 quo
1023 1936 1068 2000 sic
1093 1936 1214 2016 petitis,
1243 1945 1276 1999 et
1302 1937 1349 1999 ita
1371 1937 1533 1999 instanter
1558 1957 1612 1999 me
1635 1935 1774 2012 vexatis,
1797 1933 1840 1996 ad

492 2053 674 2136 dyabolum
696 2054 755 2119 fiat
778 2066 815 2120 ut
837 2056 960 2138 petitur
971 2055 988 2133 ;’
1013 2065 1047 2118 et
1072 2056 1120 2119 sic
1145 2075 1211 2118 una
1234 2055 1352 2119 cedula
1374 2057 1505 2138 signata
1533 2055 1595 2120 suit
1621 2075 1720 2118 manu
1743 2074 1840 2136 papa:

490 2174 670 2250 scribentis,
695 2185 729 2239 et
754 2185 872 2258 postea
894 2177 1061 2240 concessio
1088 2174 1144 2239 illa
1166 2175 1229 2240 luit
1254 2176 1390 2240 bullata.
1437 2175 1468 2240 O
1492 2177 1637 2241 Domine
1657 2177 1767 2240 Deusl
1797 2175 1841 2238 da

492 2303 529 2358 ut
556 2295 618 2360 Xti
643 2296 790 2374 vicarius,
813 2297 967 2360 dominus
994 2317 1091 2380 papa,
1119 2297 1210 2360 dicat
1235 2297 1424 2379 petentibus
1450 2297 1493 2360 ab
1524 2297 1596 2380 ipso
1620 2307 1657 2360 ut
1683 2295 1842 2361 concedat

492 2437 567 2499 quae
597 2418 644 2480 eis
673 2417 815 2499 placent,
847 2419 932 2482 sicut
960 2418 1070 2482 Ysaac
1105 2419 1192 2480 dixit
1222 2417 1336 2499 Jacob,
1373 2428 1494 2500 putans
1524 2439 1599 2481 eum
1630 2438 1702 2480 csse
1732 2415 1840 2479 Esau:

493 2537 666 2615 ‘Accede’
696 2538 810 2620 inquit,
834 2537 919 2617 ‘hic,
949 2548 986 2602 ut
1016 2549 1151 2620 tangam
1182 2548 1225 2616 te,
1255 2539 1301 2601 fili
1337 2539 1392 2612 mi,
1424 2548 1458 2602 et
1486 2538 1624 2621 probem
1655 2558 1698 2601 an
1728 2546 1764 2600 tu
1797 2537 1842 2600 sis

494 2657 580 2720 filius
607 2678 708 2736 meus,
730 2678 774 2722 an
800 2655 887 2721 non?
931 2659 1097 2721 Dominus
1127 2659 1215 2721 enim
1245 2679 1333 2740 papa
1359 2658 1522 2739 decipitur
1550 2678 1641 2739 saepe
1672 2677 1732 2740 per
1760 2655 1842 2718 salse

493 2777 722 2842 informatores
749 2788 783 2842 et
809 2778 1007 2854 adulatores,
1031 2779 1119 2842 carni
1146 2789 1179 2842 et
1206 2779 1357 2861 sanguini
1381 2778 1463 2842 false
1486 2779 1665 2861 placentes,
1689 2787 1723 2841 et
1745 2784 1843 2859 putat

493 2919 567 2963 esse
593 2899 683 2962 Esau
710 2901 766 2981 qui
794 2909 845 2963 est
874 2899 990 2981 Jacob.
1036 2899 1136 2963 Putat
1161 2921 1248 2977 eum,
1274 2920 1334 2982 pro
1361 2921 1427 2981 quo
1454 2899 1592 2962 licencia
1613 2899 1745 2981 petitur,
1772 2917 1843 2961 esse

492 3029 644 3084 sanctum
667 3020 783 3096 virum,
799 3021 932 3096 bonum,
955 3031 989 3085 et
1011 3022 1180 3095 scientem,
1197 3031 1230 3084 et
1254 3041 1319 3083 non
1339 3020 1430 3083 videt
1454 3020 1542 3083 mala
1564 3040 1639 3102 quae
1661 3027 1844 3100 sequuntur

493 3140 566 3205 aliis
591 3139 780 3204 hominibus
803 3161 863 3222 per
885 3141 1131 3204 concessionem
1160 3140 1283 3204 factam
1308 3139 1367 3204 tali
1393 3138 1529 3202 homini.
1579 3140 1660 3203 Ideo
1690 3139 1843 3202 dominus

493 3282 583 3345 papa
608 3262 763 3325 scriberet
789 3264 831 3326 ad
861 3282 1019 3343 personas
1045 3283 1129 3345 quas
1154 3261 1245 3326 novit
1268 3283 1340 3325 esse
1367 3272 1513 3324 maturas
1538 3261 1608 3324 vita
1634 3269 1668 3323 et
1694 3259 1843 3336 sciencia,

495 3392 533 3446 ut
563 3383 634 3464 ipsi,
666 3383 778 3446 debite
801 3393 986 3465 quaerentes
1015 3383 1188 3447 veritatem
1219 3383 1374 3459 materiae,
1407 3403 1529 3464 papam
1561 3380 1775 3444 informarent
1801 3381 1844 3444 de

493 3503 632 3566 veritate
665 3503 822 3566 materiae.
876 3502 933 3566 Sic
966 3503 1054 3566 enim
1083 3503 1161 3567 lecit
1189 3503 1308 3566 beatus
1338 3523 1425 3585 papa
1457 3502 1645 3585 Gregorius,
1678 3509 1715 3563 ut
1750 3508 1844 3582 patet

494 3623 617 3705 pluries
646 3624 679 3686 in
703 3623 850 3706 epistolis
872 3626 922 3686 sui
947 3625 1101 3706 Registri.
1151 3623 1196 3688 Et
1219 3633 1298 3688 tunc
1321 3625 1475 3687 dominus
1505 3644 1592 3705 papa
1616 3623 1762 3686 mitteret
1784 3640 1844 3703 pro

495 3764 636 3827 persona
661 3744 723 3808 sibi
749 3745 871 3827 ignota,
895 3765 954 3826 pro
978 3766 1045 3828 qua
1068 3745 1204 3809 licencia
1230 3745 1361 3827 petitur,
1385 3755 1422 3808 ut
1448 3743 1664 3827 personaliter
1690 3741 1733 3804 ad
1761 3761 1844 3823 prae·

494 3866 640 3928 senciam
673 3886 770 3948 papae
800 3866 948 3942 accedat,
979 3875 1016 3929 ut
1046 3866 1166 3948 probet
1201 3887 1277 3929 eum
1307 3887 1350 3928 an
1384 3866 1427 3930 sit
1461 3865 1548 3928 filius
1576 3874 1675 3946 aptus
1705 3862 1773 3926 vita
1810 3871 1844 3926 et

495 3986 635 4050 sciencia
658 3986 701 4049 ad
725 3986 916 4049 habendum
942 3987 1031 4068 quod
1054 3987 1148 4068 petit,
1175 3996 1209 4050 et
1235 3995 1273 4050 ut
1298 3987 1417 4070 probet
1442 3987 1597 4050 dominus
1620 4004 1708 4067 papa
1732 4003 1775 4046 an
1799 4003 1844 4046 ex

495 4107 705 4171 concessione
731 4117 888 4190 sequatur
913 4107 1036 4171 malum
1060 4108 1112 4170 vel
1138 4117 1312 4190 peccatum
1339 4127 1396 4171 seu
1421 4107 1657 4170 detrimentum
1684 4103 1756 4167 aliis
1784 4101 1844 4166 ho·

497 4228 639 4292 minibus
671 4227 723 4292 vel
762 4229 906 4293 ecclesiis
943 4228 1184 4310 parochialibus
1213 4227 1265 4292 vel
1302 4249 1387 4292 curae
1419 4228 1622 4302 animarum;
1661 4225 1744 4289 sicut
1773 4223 1842 4308 jam
