4322 4936
718 395 819 450 LOCI
843 395 873 448 E
901 395 1026 450 LIBRO
1061 395 1320 452 VERITATUM.
1635 408 1694 455 221

344 608 437 673 ducis
468 609 658 692 Lotringiae,
690 611 746 692 qui
776 612 956 675 vocabatur
982 633 1041 675 rex
1074 611 1215 689 Ceciliae,
1239 612 1300 676 fuit
1331 622 1435 694 nupta
1466 615 1534 696 regi
1562 613 1697 698 Angliae

346 730 492 794 Henrico
516 730 622 808 Sexti,
646 733 765 794 mediis
791 731 949 794 Willelmi
973 732 1062 810 Pule‚
1085 742 1165 796 tunc
1190 734 1283 796 ducis
1308 733 1506 813 Sufsolchiae,
1532 745 1610 800 tunc
1637 757 1696 798 rex

343 850 488 934 Angliae,
520 853 686 917 Henricus
718 853 850 931 Sextus
884 843 940 935 'qui
970 854 1064 917 dedit
1093 863 1198 918 terras
1228 876 1303 918 suas
1336 855 1368 918 in
1403 855 1537 937 Anglia,
1567 877 1697 920 coronae

344 971 479 1055 Angliae
503 963 644 1051 debitas,
664 975 800 1038 diversis
824 975 967 1037 dominis
988 975 1021 1036 in
1045 973 1171 1056 Anglia
1198 985 1231 1039 et
1255 976 1425 1050 militibus,
1449 986 1482 1040 et
1503 977 1574 1040 aliis
1597 979 1697 1040 servis

344 1095 420 1172 suiS,
437 1103 471 1158 et
492 1116 605 1158 eorum
622 1095 807 1158 haeredibus
829 1105 862 1158 et
879 1096 1064 1177 assignatis
1080 1096 1183 1173 dedit,
1204 1095 1312 1179 sigillo
1333 1117 1392 1160 suo
1413 1099 1503 1179 regio
1521 1108 1554 1161 et
1574 1119 1696 1180 magno

345 1215 429 1296 regis
459 1215 602 1299 Angliae,
633 1216 895 1280 Cenomanniam
926 1227 959 1279 et
985 1215 1217 1299 Andegaviam
1249 1217 1335 1300 patri
1365 1219 1532 1300 praedictae
1564 1219 1697 1302 Marga-

344 1346 424 1399 retae
456 1338 577 1418 reginae
604 1349 637 1402 et
665 1337 767 1420 ipsius
794 1339 897 1420 patris
920 1337 1117 1414 haeredibus,
1145 1358 1220 1401 cum
1248 1358 1314 1419 qua
1340 1339 1453 1420 regina
1480 1360 1538 1401 rex
1562 1339 1697 1422 Angliae

344 1466 378 1520 et
401 1457 526 1540 Anglia
549 1480 614 1521 non
638 1460 762 1540 recepit
784 1469 888 1522 terras
911 1478 971 1520 nec
995 1458 1138 1536 divicias,
1158 1459 1216 1520 sed
1240 1459 1386 1521 diversas
1410 1460 1565 1524 miserias

432 1579 509 1642 Rex
530 1578 675 1661 Angliae,
698 1580 863 1642 Henricus
886 1567 1021 1652 Sextus
1043 1579 1146 1657 dedit,
1170 1577 1231 1641 sub
1252 1579 1360 1662 sigillo
1383 1602 1443 1644 suo
1467 1602 1597 1663 magn0,
1619 1582 1697 1646 civi·

343 1707 448 1761 tatem
484 1699 708 1763 Cenomannis
745 1721 821 1763 cum
853 1699 1083 1763 Cenomannia
1120 1709 1153 1762 et
1191 1700 1358 1764 civitatem
1389 1699 1583 1784 Andegavis
1619 1723 1695 1766 cum

342 1819 551 1902 Andegavia,
573 1820 727 1902 Anglice‚
750 1821 884 1903 Awnoy
910 1821 976 1884 and
1004 1821 1119 1903 Mayn,
1145 1821 1231 1903 patri
1259 1821 1378 1904 reginae
1402 1821 1536 1904 Angliae
1562 1824 1695 1906 Marga-

342 1952 422 2004 retae
453 1952 488 2006 et
512 1941 700 2004 haeredibus
727 1943 829 2025 patris
856 1943 941 2005 illius
968 1943 1090 2025 reginae
1119 1942 1326 2023 Margaretae,
1350 1954 1382 2006 et
1406 1944 1451 2006 sic
1475 1946 1636 2009 concessit
1662 1955 1696 2009 et

342 2063 436 2125 dedit
463 2084 522 2124 rex
552 2062 695 2145 Angliae,
728 2063 892 2127 Henricus
919 2062 1001 2144 vjl¹¹⁸,
1034 2063 1295 2126 cenomanniam
1326 2073 1359 2126 et
1388 2062 1621 2147 Andegaviam
1651 2067 1694 2130 ad

342 2184 542 2264 peticionem
568 2185 690 2265 reginae
716 2205 785 2246 suae
812 2184 1019 2265 Margaretae,
1044 2183 1120 2246 filiae
1151 2184 1244 2248 ducis
1266 2185 1455 2267 Lotringiae,
1479 2187 1535 2268 qui
1564 2189 1695 2251 vocavit

341 2305 487 2386 seipsum
515 2326 626 2387 regem
653 2304 794 2378 Ceciliae,
822 2314 856 2369 et
879 2315 992 2369 tamen
1018 2326 1077 2368 nec
1108 2306 1336 2368 obedienciam
1364 2327 1424 2369 nec
1454 2309 1626 2388 pecuniam
1651 2310 1694 2372 ab

342 2424 399 2487 illo
429 2447 539 2508 regno,
564 2427 699 2490 subdito
722 2437 801 2490 tunc
824 2428 892 2509 regi
916 2427 1121 2509 Arragoniae,
1149 2429 1291 2508 recepit3
1323 2438 1357 2491 et
1384 2429 1495 2510 regina
1518 2430 1581 2493 ista
1612 2451 1694 2512 prae·

342 2542 431 2606 dicta
454 2543 553 2624 peciit
576 2564 596 2606 a
621 2565 695 2625 rege
718 2542 853 2624 Angliae
876 2543 922 2606 sic
945 2543 1015 2606 dari
1042 2543 1127 2624 patri
1152 2564 1221 2620 su0,
1241 2564 1301 2624 per
1322 2543 1516 2608 instanciam
1535 2545 1694 2610 Willelmi

342 2662 445 2736 Pullo,
473 2664 565 2726 ducis
594 2663 820 2741 Suthlolchiae,
849 2675 882 2726 et
912 2664 1025 2726 uxoris
1055 2685 1132 2739 suae,
1158 2665 1213 2744 qui
1239 2674 1338 2726 antea
1367 2665 1414 2728 sic
1440 2667 1508 2747 peti
1535 2668 1693 2748 promise·

342 2793 436 2858 rant3
476 2795 509 2847 et
545 2785 663 2847 dicitur
699 2785 742 2848 ab
775 2783 938 2865 aliquibus
973 2785 1064 2864 quod
1100 2785 1170 2867 ipse
1205 2785 1275 2847 dux
1312 2785 1493 2866 Lotringiae
1528 2787 1694 2867 juraverat

341 2907 499 2985 praedicto
530 2907 604 2969 duci
640 2916 672 2968 et
703 2907 850 2983 ducissae,
880 2907 970 2986 quod
1005 2906 1075 2986 ipse
1104 2906 1278 2969 efficaciter
1315 2905 1481 2970 laboraret
1517 2929 1576 2988 pro
1612 2930 1693 2990 pace

342 3026 430 3087 finali
461 3026 614 3089 habenda
645 3028 730 3090 inter
752 3026 912 3109 Angliam
941 3036 975 3089 et
1003 3027 1186 3102 Franciam,
1211 3026 1237 3088 si
1269 3047 1329 3088 rex
1355 3026 1499 3108 Angliae,
1526 3031 1576 3091 cui
1600 3031 1693 3092 dedit

340 3146 443 3210 filiam
477 3168 570 3210 suam
602 3148 826 3230 Margaretam
860 3148 893 3209 in
929 3168 1077 3219 uxorem,
1108 3149 1202 3210 daret
1237 3147 1299 3229 ipsi
1336 3147 1411 3210 duci
1442 3148 1623 3232 Lotringiae
1659 3159 1693 3213 et

340 3267 526 3331 haeredibus
555 3269 622 3331 suis
651 3269 684 3330 in
716 3279 913 3351 perpetuum
938 3267 1198 3331 Cenomanniam
1231 3277 1263 3330 et
1293 3267 1538 3350 Andegaviam,
1567 3280 1601 3333 et
1633 3291 1692 3334 rex

339 3388 483 3472 Angliae,
509 3389 674 3453 Henricus
698 3389 832 3466 Sextus
858 3389 904 3454 sic
933 3389 994 3452 sub
1025 3388 1133 3470 sigillo
1164 3410 1223 3451 suo
1254 3389 1356 3466 dedit,
1386 3399 1419 3452 et
1450 3391 1691 3471 possessionem

339 3510 477 3574 tradidit
506 3531 565 3592 per
591 3511 786 3592 magistrum
813 3509 926 3573 Adam
953 3509 1093 3588 Molens,
1120 3509 1311 3591 episcopum
1338 3519 1415 3572 tunc
1440 3507 1691 3587 Cicestrensem,

339 3631 396 3712 qui
427 3631 563 3694 tradidit
586 3633 744 3713 praedicta
768 3631 801 3694 in
826 3631 1066 3713 possessionem
1092 3630 1250 3712 praedicto
1280 3630 1365 3709 duci,
1384 3629 1523 3712 jubente
1549 3633 1595 3694 sic
1622 3633 1692 3696 fieri

340 3772 417 3832 rege
448 3751 581 3834 Angliae
611 3753 771 3834 praedicto
806 3761 840 3814 et
873 3752 1011 3816 concilio
1048 3773 1117 3830 su0,
1147 3772 1192 3815 sc.
1223 3751 1352 3814 duobus
1385 3751 1524 3815 ducibus
1558 3763 1592 3816 et
1625 3775 1692 3817 uno

340 3871 596 3954 archiepiscopo,
618 3873 674 3954 qui
699 3874 746 3936 sic
768 3883 1003 3936 consenserunt
1026 3872 1180 3955 peticioni
1203 3873 1289 3956 regis
1308 3871 1442 3954 Angliae
1464 3874 1552 3954 apud
1575 3873 1692 3938 iratres

339 3994 572 4076 praedicatores
600 3993 791 4070 Londoniis,
821 3995 876 4057 ubi
906 4005 972 4058 tres
1006 3994 1154 4076 praedicti
1186 3994 1310 4056 domini
1344 4004 1578 4058 consenserunt
1608 3996 1692 4078 peti-

339 4116 425 4180 cioni
451 4117 536 4198 regis
561 4116 704 4198 Angliae‚
728 4116 818 4200 quod
845 4116 1022 4198 praedictus
1050 4115 1163 4178 Adam
1189 4116 1363 4200 episcopus
1390 4115 1584 4180 deliberaret
1614 4138 1691 4199 pos·

339 4237 518 4302 sessionem
543 4239 775 4320 praedictorum
799 4237 955 4320 praedicto
978 4237 1053 4301 duci
1079 4236 1269 4319 Lotringiae.
