4378 4936
720 365 819 420 Loci
845 366 874 420 E
903 365 1029 419 clano
1064 363 1322 419 ranimirum
1657 347 1694 408 81

344 577 546 660 poenitende,
576 600 653 642 vere
683 580 881 655 confitendo,
909 589 944 644 et
973 579 1087 644 debito
1119 580 1220 642 modo
1249 577 1438 642 satisfacere
1468 571 1696 643 desiderande,

343 707 378 766 ct
407 706 485 764 tunc
514 699 605 764 venit
634 701 678 763 ad
712 710 844 783 portam
875 699 1021 776 ferream,
1052 722 1127 782 quae
1158 699 1250 762 ducit
1282 700 1325 762 ad
1356 698 1523 762 civitatem
1554 691 1699 757 coelestis

343 815 548 898 Jerusalem
581 829 677 902 porta
704 820 816 897 serrea,
841 841 917 902 quae
944 820 1034 884 ducit
1062 819 1147 895 illuc,
1173 830 1223 883 est
1252 819 1361 902 gravis
1387 826 1420 880 et
1448 835 1570 898 magna
1596 831 1698 894 poena

344 939 607 1022 temptacionum
629 949 662 1004 et
683 939 946 1016 tribulacionum,
963 962 1038 1024 quae
1056 941 1160 1023 surgit
1183 942 1316 1022 quando
1334 938 1436 1001 homo
1455 935 1579 998 malum
1600 952 1697 996 suum

346 1058 508 1142 relinquit,
531 1069 565 1124 et
585 1071 674 1125 recte
698 1061 788 1143 loqui
809 1071 843 1126 et
865 1082 964 1144 agere
986 1061 1109 1144 incipit.
1156 1060 1224 1124 Sed
1246 1061 1362 1134 clama,
1387 1058 1418 1122 Ο
1441 1057 1627 1139 poenitens!
1655 1052 1698 1115 ad

346 1179 458 1244 Deum
488 1192 742 1266 perseveranter,
768 1193 803 1248 et
833 1183 954 1248 cotidie
980 1183 1013 1245 in
1039 1182 1165 1266 gemitu
1193 1181 1301 1246 cordis
1330 1181 1420 1243 etin
1453 1177 1610 1240 memoria
1638 1172 1700 1236 Xti

347 1300 524 1384 sanguinis,
549 1312 584 1368 et
612 1311 692 1366 tunc
722 1301 818 1377 ultro,
850 1303 870 1364 i.
887 1325 915 1366 e.
946 1303 1117 1367 voluntate
1141 1302 1216 1377 Dei,
1247 1310 1363 1384 aperta
1392 1301 1453 1363 erit
1487 1297 1558 1360 haec
1593 1303 1698 1376 porta,

347 1420 367 1484 i.
384 1442 412 1486 e.
440 1421 569 1486 devicta
600 1422 660 1486 erit
695 1423 766 1487 haec
797 1424 1028 1505 importunitas
1061 1423 1332 1506 temptacionum,
1363 1421 1441 1502 quia
1473 1429 1560 1491 tunc,
1591 1415 1701 1497 gracia

347 1551 557 1623 cooperante,
588 1563 654 1606 non
684 1543 816 1607 vincent
846 1543 890 1606 ad
921 1542 1045 1606 malum
1079 1563 1286 1620 concensum,
1320 1563 1428 1624 neque
1462 1540 1505 1602 ad
1538 1538 1701 1601 bonorum

349 1671 482 1726 actuum
510 1662 792 1745 impedimentum,
817 1666 876 1728 sed
902 1673 1050 1746 pungent
1074 1663 1243 1728 hominem
1271 1663 1314 1726 ad
1338 1662 1452 1726 aeterni
1475 1658 1602 1743 praemii
1626 1678 1702 1721 cum

350 1780 425 1845 Deo
451 1792 677 1865 augmentum,
700 1793 734 1847 et
761 1793 841 1848 tunc
864 1793 941 1867 post
966 1786 1127 1868 gemitum
1155 1806 1215 1867 pro
1242 1783 1385 1867 peccatis
1411 1783 1499 1845 dicat
1525 1779 1701 1863 poenitens,

351 1902 468 1966 ‘Nunc
491 1903 559 1968 scio
581 1923 666 1979 vere,
692 1903 770 1987 quia
797 1905 886 1968 misit
913 1905 1078 1968 Dominus
1101 1905 1255 1988 angelum
1286 1924 1382 1967 suurn
1413 1913 1446 1966 et
1472 1899 1621 1964 liberavit
1652 1919 1706 1961 mc

351 2022 394 2086 de
417 2043 516 2085 manu
540 2023 685 2088 Herodis
708 2025 803 2088 etde
826 2045 883 2088 ore
905 2024 1027 2100 leonis,'
1048 2027 1068 2089 i.
1079 2046 1107 2088 e.
1127 2026 1170 2090 de
1191 2034 1359 2108 potestate
1382 2021 1503 2086 inimici
1525 2020 1589 2083 mei
1611 2018 1708 2100 spiri-

351 2141 459 2218 tualis,
482 2152 515 2208 et
538 2143 581 2207 de
604 2145 840 2227 expectacione
863 2145 969 2228 plebis
989 2146 1193 2228 Judaeorum,
1213 2147 1233 2209 i.
1246 2166 1274 2208 e.
1295 2146 1338 2209 de
1360 2145 1425 2207 illis
1449 2142 1544 2206 malis
1566 2141 1706 2213 aeterniS,

352 2262 386 2328 in
415 2283 490 2346 quae
520 2263 598 2328 mali
628 2264 762 2347 spiritus
791 2267 1000 2330 crediderunt
1030 2287 1084 2330 me
1113 2287 1287 2344 casurum;
1325 2265 1432 2330 omnis
1463 2283 1541 2346 ergo
1575 2261 1709 2343 spiritus

353 2381 468 2448 laudet
494 2383 606 2447 Deum
633 2384 666 2447 in
691 2386 844 2450 omnibus
869 2386 942 2450 suis
980 2386 1103 2450 Arnen.
1159 2386 1365 2451 Interficiunt
1395 2384 1553 2448 vocaliter
1582 2391 1616 2446 et
1649 2400 1708 2463 per

354 2503 455 2566 verba
475 2505 602 2567 animas
626 2526 700 2588 quae
722 2526 787 2569 non
805 2508 994 2585 moriuntur,
1011 2507 1196 2572 Ezechielis
1212 2508 1295 2590 xlij0,
1311 2507 1368 2590 qui
1389 2507 1585 2570 contristant
1602 2502 1708 2566 bonos

354 2623 441 2688 viros
464 2625 561 2688 minis
585 2635 619 2690 et
649 2627 765 2704 verbis
793 2629 950 2704 dicentes,
975 2629 1066 2692 ‘Nisi
1093 2629 1235 2694 feceritis
1260 2651 1335 2712 quae
1363 2629 1579 2712 praecepimus
1605 2623 1708 2694 vobis,

355 2744 436 2808 salvi
460 2766 532 2810 esse
551 2766 617 2809 non
639 2748 788 2830 potestis,
803 2757 837 2812 et
860 2749 973 2832 gravia
994 2749 1083 2816 mala
1109 2748 1331 2816 sustinebitis?
1376 2752 1445 2834 Ipsi
1470 2757 1632 2814 conantur
1655 2764 1710 2807 oc·

356 2863 466 2930 cidere
487 2865 615 2930 animas
636 2888 711 2950 quae
734 2888 800 2932 non
821 2869 1012 2948 moriuntur,
1027 2871 1083 2952 qui
1105 2872 1213 2935 verbis
1233 2874 1318 2937 veris
1342 2881 1375 2936 et
1399 2871 1495 2934 meris
1518 2867 1712 2942 racionibus,

356 3004 417 3070 per
441 3005 525 3067 quas
550 2987 652 3052 homo
682 2990 892 3054 reduceretur
921 3012 942 3054 a
970 2991 1058 3055 malo
1089 2992 1123 3055 in
1149 2993 1283 3072 bonum,
1311 3005 1345 3058 et
1372 3015 1393 3058 a
1419 2993 1502 3058 salso
1528 2992 1562 3054 in
1589 3008 1711 3060 vcrum,

356 3104 488 3172 addunt
516 3108 615 3174 verba
646 3107 738 3186 salsa,
762 3119 797 3174 et
826 3111 1017 3176 addiciones
1048 3124 1255 3197 apparentes
1283 3125 1317 3180 et
1348 3115 1518 3191 humanas,
1549 3122 1582 3177 et
1615 3130 1712 3192 argu·

360 3233 472 3290 menta
502 3225 621 3307 fucata,
651 3228 713 3293 i.e.
739 3230 894 3310 colorata,
925 3252 999 3315 quae
1029 3247 1194 3317 apparent
1223 3257 1308 3310 vera,
1335 3249 1368 3301 et
1404 3259 1463 3320 per
1493 3257 1568 3318 quae
1597 3253 1712 3298 verum

359 3356 518 3428 appareat
544 3347 672 3428 salsum,
698 3361 731 3416 et
760 3352 878 3416 salsum
909 3367 1068 3438 appareat
1093 3378 1207 3421 verum
1234 3380 1313 3437 esse,
1340 3371 1373 3423 et
1400 3361 1525 3424 bonum
1555 3365 1714 3441 appareat

360 3464 489 3544 salsum,
505 3477 538 3530 et
561 3490 580 3532 e
602 3473 786 3538 contrario:
811 3495 872 3557 pro
893 3475 1014 3539 talibus
1035 3478 1114 3542 dicit
1135 3480 1315 3561 apostolus,
1331 3482 1458 3545 ‘Nemo
1476 3501 1535 3544 vos
1558 3474 1715 3550 seducat?

361 3585 380 3650 i.
397 3607 427 3650 e.
456 3585 576 3652 falsum
607 3611 667 3672 pro
699 3613 776 3656 vero
806 3605 981 3678 acceptare
1012 3598 1119 3676 saciat,
1147 3610 1180 3664 et
1212 3603 1253 3665 de
1284 3601 1406 3667 talibus
1439 3603 1519 3666 dicit
1550 3602 1715 3665 Dominus

361 3705 474 3770 Ysaiae
491 3709 607 3790 primo,
624 3711 764 3777 ‘Vinum
781 3725 875 3779 tuum
895 3717 1040 3782 mixtum
1063 3729 1114 3784 est
1136 3720 1242 3804 aqua,’
1265 3724 1459 3788 tavernas
1481 3723 1542 3788 tibi
1563 3725 1597 3786 in
1615 3724 1717 3787 verbo

364 3826 427 3892 Dei
454 3830 586 3908 tradita,
609 3833 717 3896 mixta
739 3845 791 3899 est
816 3847 911 3918 parte
936 3839 1045 3903 verbis
1071 3841 1193 3906 talibus
1224 3864 1298 3926 quae
1324 3855 1510 3927 repugnant
1536 3846 1718 3910 intellectui

364 3957 398 4012 et
419 3946 546 4030 judicio
570 3951 691 4029 divino,
718 3964 752 4019 et
779 3958 957 4022 intencioni
984 3970 1018 4023 et
1041 3961 1221 4027 intellectui
1244 3974 1432 4028 sanctorum
1455 3966 1637 4046 doctorum¹
1661 3968 1720 4050 qui

364 4069 519 4134 veritates
544 4071 699 4139 radicitus
726 4078 1023 4159 consideraverunt,
1046 4091 1079 4145 et
1106 4084 1149 4146 ad
1180 4084 1274 4167 plura
1304 4086 1516 4167 respicientes
1544 4088 1718 4152 veritatem

1028 4217 1055 4264 nr
