4378 4936
699 403 798 458 LOCI
822 402 852 457 E
881 401 1005 457 LIBRO
1039 403 1298 460 VERITATUM.
1616 404 1675 486 167

413 626 453 694 [p.
472 625 539 690 rsa]
584 624 812 693 Dispensaoio.
861 617 958 680 Heu!
992 615 1077 682 heu!
1109 617 1180 699 jam
1206 628 1369 684 crassatus
1395 628 1429 684 et
1454 621 1679 706 impinguatus

326 737 528 821 pinguedine
553 739 774 818 ecclesiarum,
801 748 921 821 sponte
946 757 983 802 se
1006 738 1133 821 ingerit,
1158 749 1192 804 et
1212 739 1334 805 effrons
1357 762 1377 805 a
1400 762 1487 825 papa
1510 745 1594 826 petit
1617 746 1678 810 sibi

327 858 490 941 provideri
511 862 543 923 in
562 880 794 944 quamcunque
816 860 1014 942 dignitatem
1031 859 1178 925 ecclesia
1201 870 1235 926 et
1258 861 1401 928 officium
1423 864 1493 930 sine
1516 865 1680 932 eleccione

326 999 532 1064 quacunque,
564 991 602 1047 ut
639 983 714 1046 novi
749 981 820 1064 jam
851 983 883 1044 in
916 980 1035 1045 diebus
1070 979 1161 1056 meis,
1193 991 1227 1046 et
1264 983 1439 1066 episcopus
1476 987 1606 1055 curialis
1643 997 1678 1057 et

327 1101 527 1166 caesariensis
557 1123 616 1185 per
645 1105 802 1185 pecunias
832 1101 985 1184 optinuit,
1017 1109 1054 1164 ut
1080 1101 1309 1183 septingentas
1339 1103 1440 1168 libras
1469 1105 1512 1170 de
1542 1107 1679 1188 diversis

328 1221 472 1288 ecclesiis
493 1224 663 1289 annuatim
680 1223 825 1306 recipiat,
841 1223 884 1287 de
908 1221 1054 1286 ecclesiis
1077 1222 1109 1284 in
1132 1241 1232 1285 manu
1255 1243 1315 1286 sua
1333 1227 1470 1290 retentis
1490 1225 1571 1292 citra
1593 1228 1679 1312 episa

327 1351 483 1424 copatum
518 1344 608 1408 mille
645 1364 838 1419 marcarum,
869 1362 970 1426 quern
1007 1352 1127 1426 praeter
1161 1341 1254 1408 illam
1291 1364 1457 1410 summam
1495 1349 1678 1431 acquisivit,

328 1464 479 1545 quamvis
506 1465 539 1528 in
566 1466 655 1530 curia
682 1465 858 1548 temporali
886 1464 1006 1530 mansit
1033 1484 1165 1546 semper
1188 1475 1368 1548 occupatus
1395 1469 1570 1536 mundanis
1599 1471 1680 1538 acti-

328 1584 398 1662 bus,
414 1587 472 1650 sed
494 1585 569 1650 Deo
588 1586 716 1668 gracias
737 1587 815 1670 quia
836 1587 869 1649 in
889 1606 990 1669 regno
1012 1585 1192 1667 impeditus
1213 1584 1276 1651 fuit
1297 1586 1340 1654 ab
1363 1590 1565 1656 execucione
1585 1591 1679 1656 istius

328 1705 491 1787 pestiferae
514 1707 742 1786 concessionis,
765 1726 840 1790 quae
864 1706 933 1789 jam
959 1705 1192 1770 ‘commenda’
1213 1714 1372 1786 vocatur;
1403 1676 1474 1774 sed¹
1488 1709 1564 1776 talis
1590 1731 1680 1776 com·

328 1825 449 1889 menda
478 1847 545 1891 non
574 1838 625 1894 est
654 1829 687 1892 in
717 1829 856 1896 tutelam
880 1828 1043 1892 bonorum
1074 1837 1208 1892 actuum
1234 1836 1268 1892 et
1297 1828 1331 1892 in
1358 1829 1679 1912 multiplicacionem,

328 1947 386 2010 sed
417 1947 451 2010 in
483 1947 626 2030 plurium
652 1949 815 2014 bonorum
845 1947 1116 2026 destruccionem,
1142 1957 1176 2014 et
1205 1947 1349 2031 plurium
1380 1951 1542 2018 malorum
1569 1953 1680 2020 multi·

327 2065 553 2151 plicacionem‚
574 2078 612 2133 ut
633 2079 727 2154 patet
749 2069 896 2152 pluribus
920 2069 1096 2132 evidenciis
1119 2079 1153 2132 et
1176 2069 1420 2151 experimentis.

415 2198 541 2266 [p.1s3.]
586 2190 698 2273 Reges
721 2189 791 2272 jam
819 2199 853 2254 et
879 2190 1025 2272 episcopi
1054 2199 1087 2253 et
1118 2189 1242 2254 domini
1269 2191 1518 2272 adquisiverunt
1546 2193 1680 2276 dispen-

328 2309 476 2375 saciones
499 2322 533 2376 et
555 2311 707 2376 licencias
729 2333 750 2375 a
771 2311 934 2375 Romanis
954 2309 1175 2394 pontificibus,
1198 2318 1235 2374 ut
1257 2331 1333 2375 cum
1355 2311 1420 2376 illis
1443 2313 1590 2377 incuriis
1611 2315 1680 2378 suis

329 2439 363 2495 et
394 2432 510 2496 officiis
540 2434 714 2509 resideant,
740 2433 796 2515 qui
824 2433 857 2495 in
881 2432 1029 2496 ecclesiis
1056 2431 1123 2494 suis
1149 2441 1182 2496 et
1209 2432 1241 2494 in
1267 2432 1411 2496 ecclesiis
1437 2433 1681 2500 cathedralibus

330 2561 364 2616 et
388 2552 534 2636 collegiis
562 2556 703 2618 residere
726 2562 890 2618 tenentur.
938 2552 1053 2616 Unum
1076 2551 1147 2633 jam
1172 2562 1289 2616 notum
1316 2562 1375 2628 est,
1399 2553 1489 2636 quod
1516 2555 1595 2618 boni
1620 2555 1679 2620 viri

329 2672 385 2755 qui
415 2673 644 2756 obligaverunt
673 2675 850 2758 gardianos
879 2681 912 2737 et
942 2673 1087 2737 decanos
1117 2682 1151 2736 et
1180 2673 1370 2737 sacerdotes
1399 2673 1481 2738 alios
1512 2695 1681 2748 remanere

329 2801 363 2857 et
390 2794 532 2861 residere
562 2796 596 2860 in
620 2796 701 2861 locis
726 2817 785 2880 per
811 2815 868 2860 eos
898 2794 1044 2858 fundatis
1070 2791 1315 2870 defraudantur,
1341 2802 1375 2860 et
1401 2813 1514 2860 eorum
1541 2795 1681 2862 intentio

328 2934 394 2978 non
425 2928 581 2998 servatur,
604 2919 682 3002 quia
703 2917 832 2982 fundati
862 2936 921 2999 per
950 2935 1007 2980 eos
1035 2913 1113 2978 alibi
1144 2915 1296 2992 resident,
1321 2923 1355 2980 et
1377 2913 1449 2980 loca
1478 2915 1617 2982 fundata
1647 2928 1681 2984 et

327 3034 416 3100 bona
440 3037 485 3102 ibi
509 3039 620 3106 fienda
646 3049 795 3123 pereunt·
849 3036 1049 3102 Remedium
1075 3035 1164 3100 enim
1189 3044 1304 3100 contra
1328 3037 1392 3102 ista
1418 3037 1507 3102 mala
1532 3047 1628 3114 esset,
1652 3039 1679 3102 si

327 3155 519 3224 fundatores
540 3161 593 3225 vel
620 3181 733 3224 eorum
756 3178 961 3224 successores
987 3156 1124 3220 firmiter
1147 3156 1336 3221 ordinarent
1365 3157 1426 3220 sub
1450 3157 1579 3239 magnis
1608 3179 1680 3242 poe÷

328 3278 388 3354 nis,
404 3281 495 3361 quod
518 3281 545 3345 si
566 3282 685 3365 aliquis
706 3300 861 3365 pereum
887 3278 1052 3356 fundatus,
1067 3276 1101 3340 in
1123 3287 1214 3341 certo
1232 3276 1305 3341 loco
1325 3285 1513 3360 acceptaret
1534 3277 1678 3362 aliquam

328 3397 501 3466 licenciam
531 3412 646 3470 contra
674 3402 882 3480 voluntatem
912 3409 946 3463 et
979 3406 1143 3462 statutum
1180 3396 1371 3474 fundatoris,
1403 3397 1475 3480 ipso
1511 3397 1600 3462 facto
1636 3399 1680 3468 sit

328 3520 475 3601 privatus
503 3523 547 3588 ab
576 3525 667 3587 omni
694 3521 768 3605 jure
797 3522 841 3586 ad
870 3519 1006 3603 aliquod
1035 3518 1160 3582 bonurn
1190 3517 1358 3599 pertinens
1387 3516 1531 3582 fundatis
1560 3519 1594 3582 in
1620 3519 1679 3587 tali

328 3641 466 3706 ecclesia
489 3643 542 3708 vel
564 3644 621 3708 tali
647 3644 729 3722 loco,
750 3653 783 3708 et
807 3642 912 3708 eciam
935 3641 1105 3705 ordinetur
1131 3658 1190 3720 per
1213 3636 1423 3704 fundatorem
1446 3639 1499 3703 vel
1523 3659 1583 3721 per
1604 3660 1679 3723 par·

329 3759 523 3828 liamentum
547 3767 648 3848 regni,
675 3775 712 3831 ut
734 3764 839 3829 haeres
863 3784 920 3827 seu
943 3780 1110 3826 successor
1133 3758 1316 3824 fundatoris
1342 3761 1450 3842 ipsum
1477 3758 1625 3841 expellat
1651 3762 1678 3824 si

328 3886 462 3949 statutis
499 3885 682 3950 fundatoris
718 3886 854 3950 obedire
890 3883 1039 3961 noluerit,
1078 3891 1112 3946 et
1143 3889 1252 3945 careat
1288 3881 1365 3946 talis
1401 3879 1491 3944 omni
1524 3881 1679 3964 suffragio

328 4006 574 4089 appellacionis‚
590 4016 627 4072 ut
652 4005 751 4070 nichil
772 4005 834 4070 sibi
851 4004 961 4069 valeat
984 4002 1179 4087 appellacio,
1194 4001 1221 4065 si
1243 4011 1359 4066 contra
1378 4000 1583 4066 voluntatem
1606 4001 1679 4066 fun·

327 4127 454 4194 datoris
484 4128 594 4193 faciat.
652 4128 748 4192 Heul
786 4123 870 4192 heu!
908 4127 997 4208 quod
1029 4144 1122 4207 reges
1151 4132 1185 4188 et
1215 4121 1339 4187 domini
1371 4131 1405 4187 et
1438 4122 1583 4204 episcopi
1613 4144 1678 4190 non

329 4248 539 4314 considerant
561 4249 730 4332 quomodo
754 4247 889 4312 clericos
913 4266 990 4310 suos
1017 4255 1050 4309 et
1072 4241 1261 4326 capellanos
1284 4251 1318 4308 et
1340 4241 1513 4309 officiarios
1535 4244 1579 4308 de
1604 4264 1678 4328 pro.
