4338 4936
707 423 806 478 Loci
831 423 861 477 E
889 423 1013 478 rinno
1049 405 1308 482 rearmatur.
1642 427 1683 500 59

331 639 430 717 videt,
446 650 480 703 et
503 639 601 703 nichil
625 638 746 703 habere
769 661 882 704 eorum
899 641 932 704 in
947 642 1149 705 consciencia
1168 643 1224 725 qui
1244 643 1277 705 in
1301 641 1373 706 aliis
1398 651 1606 724 correpturus
1621 651 1682 705 est.

332 760 388 824 Sic
411 761 499 824 enim
524 759 678 824 Ezechiel
701 771 830 843 septem
853 762 970 825 diebus
992 763 1079 826 sedit
1103 774 1137 828 et
1157 765 1375 827 consideravit
1396 783 1471 845 quae
1494 763 1625 840 diceret,
1650 771 1685 826 et

331 882 468 963 lugebat
477 901 537 964 pro
548 882 596 944 eis
607 902 747 963 quorum
760 893 898 964 peccata
909 902 1020 947 coram
1033 884 1157 946 eisdem
1173 885 1386 967 redargueret
1402 893 1436 947 et
1449 882 1683 948 manifestaret.

333 1001 412 1065 Post
436 1000 498 1064 hos
517 1012 646 1085 septem
669 1004 741 1066 dies
767 1003 891 1067 sactum
912 1013 962 1066 est
981 1003 1117 1066 verbum
1137 1004 1272 1067 Domini
1290 1004 1335 1067 ad
1360 1024 1435 1067 eum
1457 1005 1578 1081 dicens,
1600 1003 1684 1067 ‘Fili

331 1121 489 1185 hominis!
509 1121 747 1205 speculatorem
760 1123 837 1187 dedi
850 1135 884 1188 te
900 1125 1013 1188 domui
1027 1124 1128 1187 Israel
1144 1134 1177 1187 et
1192 1125 1306 1188 audies
1321 1126 1363 1188 de
1378 1146 1435 1188 ore
1451 1145 1526 1188 meo
1538 1124 1684 1203 verbum,

331 1253 366 1306 et
388 1242 601 1305 annunciabis
624 1244 671 1306 eis
695 1265 740 1306 ex
764 1243 856 1322 me;'
883 1243 1068 1308 Ezechielis
1090 1243 1140 1326 iij⁰
1161 1244 1316 1327 capitulo.
1363 1245 1447 1308 Haec
1475 1244 1520 1308 ibi
1550 1253 1684 1308 sanctus

332 1363 449 1426 doctor
463 1363 661 1444 Jeronimus.
703 1364 842 1428 Videret
864 1385 942 1447 ergo
964 1364 1159 1448 speculator,
1178 1365 1197 1426 i.
1209 1386 1238 1428 e.
1253 1364 1393 1447 quilibet
1411 1365 1483 1428 aliis
1503 1365 1685 1447 praesideus

332 1484 442 1547 studio
464 1495 498 1548 et
521 1485 673 1549 oracione
693 1506 767 1568 quae
787 1486 851 1548 Dei
871 1495 957 1564 sunt,
978 1496 1011 1550 et
1034 1497 1113 1550 tunc
1135 1487 1293 1549 audacter
1313 1506 1352 1549 ea
1372 1486 1505 1564 diceret,
1526 1485 1685 1567 exemplo

334 1603 425 1668 Uriae
441 1605 611 1687 prophetae
624 1605 769 1684 Domini,
782 1627 881 1688 quem
896 1607 1001 1671 occidi
1017 1607 1095 1670 fecit
1110 1628 1169 1671 rex
1182 1607 1279 1688 Judae
1290 1605 1454 1688 Joachim‚
1470 1616 1504 1671 et
1519 1606 1685 1689 principes

332 1727 392 1804 sui,
408 1746 468 1808 pro
483 1726 583 1790 verbo
602 1726 667 1789 Dei
683 1728 773 1808 quod
794 1728 1006 1810 praedicando
1028 1735 1170 1791 testatus
1186 1737 1245 1804 est,
1261 1727 1318 1810 qui
1332 1727 1448 1790 videns
1464 1736 1605 1790 mortem
1622 1725 1684 1789 sibi

333 1846 440 1928 parari
470 1846 699 1910 nichilominus
727 1847 925 1929 loquebatur
952 1869 1028 1930 quae
1051 1848 1210 1931 praecepit
1234 1847 1327 1910 Deus
1359 1867 1419 1911 nec
1444 1848 1584 1910 mutavit
1610 1866 1686 1910 sen·

333 1968 476 2030 tenciam
493 1988 553 2049 pro
568 1968 749 2031 evitacione
764 1970 889 2032 mortis.
939 1967 1023 2032 Haec
1039 1968 1377 2049 SanctusJeronimus
1393 1968 1477 2032 libro
1492 1987 1553 2031 suo
1569 1968 1686 2049 quinto

333 2108 433 2169 super
449 2087 637 2168 Jeremiam.
683 2088 777 2151 Missi
800 2089 888 2151 enim
910 2109 931 2152 a
954 2089 1029 2151 Deo
1050 2089 1279 2153 testimonium
1302 2087 1477 2171 perhibent
1497 2087 1598 2152 verbo
1620 2087 1684 2150 Dei

332 2208 378 2272 de
403 2208 466 2271 hiis
492 2229 697 2291 quaecunque
721 2210 837 2273 vident
866 2210 910 2273 ad
940 2209 1206 2274 annunciandum
1233 2208 1316 2284 aliis,
1345 2209 1502 2291 exemplo
1524 2207 1686 2290 johannis

335 2329 368 2392 in
383 2327 589 2411 Apocalypsi
605 2338 640 2392 et
654 2329 800 2412 Antipas
814 2329 874 2392 viri
893 2331 998 2394 sancti
1014 2331 1071 2412 qui
1091 2330 1185 2393 testis
1203 2329 1276 2408 Dei,
1299 2329 1320 2392 i.
1332 2351 1360 2394 e.
1383 2329 1497 2392 martir
1519 2329 1593 2405 Dei,
1609 2327 1685 2392 ideo

335 2449 368 2512 in
393 2447 600 2532 Apocalypsi
625 2469 646 2512 a
670 2449 817 2513 Domino
842 2450 951 2514 dictus
974 2460 1034 2525 est,
1062 2458 1207 2513 testante
1232 2448 1353 2530 angelo
1379 2447 1505 2514 Sancto
1529 2448 1685 2530 Johanni.

332 2569 547 2634 Annunciare
569 2579 681 2634 autem
704 2580 836 2634 tenetur
850 2570 1056 2635 voluntatem
1076 2570 1140 2634 Dei
1163 2578 1296 2633 curatus
1318 2578 1489 2652 oportune,
1505 2579 1538 2633 et
1562 2569 1685 2651 impor-

334 2699 422 2768 tune,
448 2691 526 2772 quia
554 2699 640 2754 teste
670 2690 795 2755 Sancto
823 2691 1022 2774 Augustino
1055 2691 1088 2753 in
1119 2689 1281 2754 Sermone
1311 2689 1344 2751 in
1380 2689 1436 2753 die
1464 2689 1686 2754 anniversaria

331 2811 553 2884 ordinacionis
567 2832 635 2874 suae
651 2812 684 2874 in
705 2813 917 2894 episcopum:
941 2811 1081 2876 ‘Servus
1095 2830 1239 2892 nequam
1256 2809 1384 2874 Mathei
1399 2809 1555 2874 vicesimo
1570 2809 1685 2892 quinto

334 2931 411 2993 ideo
434 2931 634 3013 dampnatur
654 2933 731 3014 quia
754 2953 820 2996 non
843 2932 936 2996 dedit
957 2931 1133 3015 pecuniam
1154 2930 1278 2994 domini
1299 2930 1350 2993 sui
1372 2929 1416 2993 ad
1444 2949 1602 3008 mensam,
1626 2931 1645 2992 i.
1658 2951 1686 2994 e.

335 3053 460 3114 donum
477 3051 541 3114 Dei
561 3062 594 3114 et
609 3052 743 3115 verbum
761 3052 825 3116 Dei
848 3053 910 3115 sibi
926 3053 1082 3115 collatum
1104 3051 1137 3113 in
1158 3071 1236 3114 usus
1251 3049 1400 3127 aliorum,
1417 3051 1504 3114 unde
1521 3049 1685 3113 Dominus

333 3171 364 3242 ,ei
377 3171 472 3249 dixit,
484 3169 622 3252 “Quare
637 3192 703 3236 non
718 3172 839 3235 dedisti
856 3172 1029 3255 pecuniam
1049 3167 1186 3248 meam,”
1211 3171 1230 3232 i.
1241 3192 1269 3235 e.
1281 3170 1427 3247 verbum,
1441 3170 1541 3233 “aliis
1556 3180 1593 3234 ut
1609 3169 1686 3234 inde

334 3291 426 3353 lucro
457 3291 616 3355 bonorum
641 3312 780 3375 operum
809 3293 842 3355 in
866 3291 992 3374 judicio
1021 3291 1190 3373 exigerem
1214 3291 1258 3354 ab
1283 3287 1458 3354 eisdem?''
1490 3299 1585 3353 tuum
1615 3300 1686 3352 erat

336 3411 472 3474 verbum
502 3431 659 3493 erogare3
696 3412 762 3476 Dei
799 3422 851 3476 est
887 3413 1009 3476 bonam
1038 3412 1141 3475 vitam
1179 3411 1314 3493 exigere
1349 3419 1556 3494 erogatorem
1585 3409 1686 3474 verbi.

338 3531 451 3594 Posuit
472 3531 564 3594 Deus
589 3533 848 3613 praedicatorem,
870 3553 935 3596 non
962 3541 1151 3596 exactorem
1178 3532 1277 3596 bonae
1301 3531 1379 3596 vitae
1406 3531 1439 3594 in
1464 3530 1554 3594 aliis.¹
1601 3529 1686 3593 Haec

338 3653 383 3715 ibi
405 3651 549 3716 Sanctus
564 3650 782 3735 Augustinus,
800 3663 835 3716 et
855 3653 968 3717 subdit
989 3653 1107 3717 doctor
1128 3653 1261 3730 ibidem,
1282 3651 1401 3716 ‘Forte
1416 3651 1505 3725 dicis,
1528 3670 1594 3714 non
1609 3649 1686 3713 volo

338 3772 525 3855 praedicare,
544 3772 621 3854 quia
638 3773 693 3836 alii
715 3794 781 3836 non
804 3773 979 3856 proficiunt
999 3775 1100 3837 verbo
1122 3773 1212 3856 quod
1235 3773 1401 3855 praedic03
1425 3772 1603 3852 respondet
1624 3769 1687 3834 tibi

338 3893 450 3956 divina
465 3893 624 3974 scriptura
638 3893 728 3975 quod
744 3896 849 3957 nescis
866 3894 999 3976 quando
1014 3895 1116 3978 spirat
1130 3893 1272 3977 Spiritus
1286 3892 1359 3968 Dci,
1371 3901 1405 3955 et
1416 3911 1516 3972 quem
1532 3889 1642 3972 spirat,
1653 3901 1688 3955 et

335 4034 449 4077 servus
471 4033 615 4095 nequam
639 4033 704 4077 non
727 4015 927 4097 dampnatus
951 4015 1079 4078 Mathei
1103 4015 1259 4079 vicesimo
1281 4013 1398 4096 quinto
1421 4011 1499 4094 quia
1519 4010 1574 4074 alii
1601 4010 1688 4076 male

337 4136 501 4210 vixerunt,
524 4133 583 4196 sed
610 4134 688 4216 quia
716 4135 789 4198 aliis
814 4136 952 4199 verbum
976 4136 1040 4199 Dei
1069 4156 1134 4199 non
1159 4135 1260 4214 dedit,
1285 4154 1345 4198 nec
1368 4133 1492 4196 donum
1519 4131 1584 4195 Dei
1613 4131 1687 4196 aliis

339 4255 590 4318 communicavit
613 4256 656 4319 ad
680 4277 756 4320 usus
777 4278 837 4340 pro
858 4257 977 4340 quibus
999 4257 1091 4319 Deus
1116 4257 1195 4320 illud
1220 4254 1331 4322 dedit.’
1372 4254 1454 4318 Haec
1478 4251 1521 4316 ibi
1543 4251 1687 4317 Sanctus

993 4375 1003 4421 1
1023 4377 1039 4422 2
