4338 4936
484 417 525 464 22
860 407 958 462 LOCI
985 407 1014 460 E
1044 407 1168 460 LIBRO
1203 405 1461 464 VERITATUM.

485 622 642 686 miracula
665 623 748 688 sicut
767 623 847 687 olim
870 621 1034 687 fuerunti’
1060 631 1103 700 et,
1125 631 1256 686 tacente
1279 623 1443 706 episcopo,
1467 642 1550 685 unus
1572 620 1707 688 clericus
1725 631 1837 685 astans

483 743 571 807 dixit
587 744 664 827 regi,
679 744 735 809 ‘Si
750 745 858 823 vultis,
873 744 1016 822 domine,
1032 753 1068 807 ut
1083 744 1202 821 dicam,
1217 743 1326 808 dicam
1342 753 1486 825 quatuor
1500 765 1574 827 quae
1595 744 1749 808 videntur
1764 763 1836 807 esse

484 884 591 929 causae
617 864 714 948 hujus
726 863 745 943 ;'
774 875 808 930 et
830 866 973 929 libenter
1000 885 1060 928 rex
1086 864 1256 942 concessit,
1281 865 1397 940 ‘Una,’
1420 863 1534 947 inquit‘
1549 865 1696 942 clericus
1720 871 1838 930 ‘causa

484 995 536 1050 est
562 988 640 1069 quia
665 988 746 1052 olim
773 990 866 1054 Deus
889 1010 948 1072 per
973 987 1196 1052 ostensionem
1223 986 1362 1070 alicujus
1387 989 1472 1070 signi
1499 989 1653 1068 ostendit,
1677 989 1752 1071 quis
1774 988 1837 1051 fuit

485 1108 616 1191 dignior
641 1109 714 1174 aliis
744 1109 931 1173 hominibus
961 1111 1153 1191 episcopatu
1181 1111 1298 1173 merito
1329 1111 1477 1174 scienciae
1508 1122 1541 1175 et
1571 1111 1778 1186 bonevitae,
1803 1120 1837 1174 et

484 1239 564 1293 tunc
584 1251 644 1313 pro
662 1231 709 1294 sic
729 1231 841 1296 electis
863 1231 956 1296 Deus
976 1231 1009 1293 in
1026 1231 1094 1294 vita
1114 1251 1228 1294 eorum
1250 1241 1284 1294 et
1305 1243 1381 1313 post
1401 1241 1542 1296 mortem
1562 1231 1639 1295 fecit
1661 1231 1835 1310 miracula;

484 1352 543 1415 sed
560 1351 631 1433 jam
653 1373 711 1434 per
726 1352 912 1416 mundanos
933 1363 966 1416 et
981 1372 1040 1414 vos
1056 1371 1150 1434 reges
1168 1351 1334 1435 eliguntur
1352 1354 1407 1434 qui
1428 1351 1522 1416 vobis
1545 1353 1678 1434 placent
1698 1351 1731 1414 in
1752 1354 1837 1435 epis-

485 1493 596 1555 copos
619 1479 653 1536 et
676 1472 755 1537 talia
780 1473 937 1538 miracula
961 1473 1071 1556 qualia
1098 1493 1157 1556 vos
1183 1493 1276 1556 reges
1301 1472 1416 1552 facitis,
1443 1473 1523 1537 talia
1546 1474 1669 1538 faciunt
1692 1474 1837 1557 episcopi

485 1615 544 1676 per
567 1613 627 1657 vos
654 1593 835 1658 constituti.
890 1594 977 1657 Item
1004 1594 1084 1657 olim
1110 1615 1205 1676 reges
1230 1594 1494 1677 genuflexerunt,
1523 1607 1678 1677 rogantes
1704 1603 1838 1658 sanctos

484 1715 571 1778 viros
597 1725 632 1779 et
653 1716 794 1778 scientes
815 1724 990 1797 acceptare
1015 1735 1099 1778 onus
1122 1715 1318 1798 episcopale,
1341 1737 1381 1780 eo
1404 1716 1494 1798 quod
1519 1715 1712 1799 perfectiora
1737 1735 1838 1799 opera

485 1836 620 1919 requirit
643 1856 744 1919 quam
767 1834 905 1918 alicujus
928 1835 1094 1918 religionis
1117 1837 1264 1918 privatae,
1287 1847 1321 1901 et
1344 1837 1420 1901 ideo
1441 1839 1645 1920 quiscunque
1668 1837 1839 1918 religiosus

485 1957 651 2041 professus
673 1967 785 2039 potest
810 1957 885 2040 eligi
910 1958 953 2021 ad
978 1959 1214 2041 episcopatum,
1240 1969 1273 2022 et
1300 1967 1379 2022 tunc
1403 1959 1509 2041 rogati
1532 1979 1607 2022 curn
1631 1977 1753 2041 magna
1775 1958 1839 2022 dif-

486 2078 633 2144 ficultate
662 2088 878 2160 susceperunt
908 2099 967 2161 pro
998 2079 1105 2142 salute
1135 2079 1319 2143 animarum
1353 2099 1436 2142 onus
1467 2078 1662 2161 episcopale,
1695 2088 1728 2142 et
1759 2088 1837 2142 tunc

484 2202 615 2266 fuerunt
645 2199 795 2264 translati
826 2211 903 2282 post
934 2211 1074 2266 mortem
1105 2211 1241 2284 propter
1271 2221 1384 2265 eorum
1415 2201 1580 2266 miracula.
1640 2200 1727 2264 Item
1757 2201 1838 2263 olim

485 2323 591 2388 sancti
621 2322 776 2405 episcopi,
806 2321 1051 2384 considerantes
1081 2343 1165 2385 onus
1195 2322 1405 2404 episcopatus
1436 2323 1468 2384 in
1504 2343 1569 2406 quo
1600 2322 1739 2398 fuerunt,
1771 2341 1838 2385 non

486 2445 650 2527 optabant
686 2441 851 2507 transferri
890 2443 932 2505 de
970 2443 1161 2525 episcopatu
1199 2443 1233 2506 in
1271 2443 1500 2526 episcopatum
1529 2452 1664 2525 propter
1698 2439 1839 2525 majores

486 2565 631 2640 divicias
659 2564 717 2628 sed
749 2583 834 2627 nunc
868 2572 945 2627 sunt
976 2563 1022 2627 ita
1052 2585 1142 2646 saepe
1171 2563 1321 2627 translati
1352 2564 1395 2627 de
1424 2565 1617 2647 episcopatu
1649 2564 1681 2626 in
1712 2563 1839 2646 episco-

486 2695 603 2768 patum
634 2685 715 2747 dum
745 2683 868 2760 vivunt,
894 2683 984 2764 quod
1016 2704 1081 2746 non
1112 2692 1277 2746 merentur
1306 2682 1472 2746 transferri
1502 2693 1578 2764 post
1609 2690 1751 2745 mortem
1781 2701 1839 2763 per

486 2804 710 2869 ostensionem
742 2801 984 2866 miraculorum.
1045 2804 1132 2867 Item
1155 2804 1227 2886 jam
1252 2804 1286 2867 in
1312 2805 1383 2867 istis
1406 2803 1524 2867 diebus
1547 2816 1662 2869 emunt
1688 2805 1735 2868 ita
1764 2825 1838 2868 care

487 2947 563 2989 suas
593 2924 827 2988 translaciones
862 2935 896 2988 et
931 2945 1007 2987 suos
1045 2924 1255 3006 episcopatus
1283 2924 1364 2986 dum
1394 2924 1518 3002 vivunt,
1548 2925 1638 3006 quod
1668 2945 1735 2988 non
1761 2935 1838 2989 sunt

487 3046 579 3129 digni
605 3045 771 3110 transferri
800 3055 876 3127 post
903 3054 1044 3108 mortem
1070 3065 1164 3108 suam
1192 3065 1252 3108 nec
1278 3055 1316 3108 ut
1345 3043 1440 3107 Deus
1465 3055 1620 3127 operetur
1643 3067 1701 3129 per
1724 3067 1837 3110 eorum

487 3169 604 3232 merita
627 3187 727 3250 opera
749 3163 964 3233 miraculosa.’
1011 3167 1056 3230 Et
1079 3167 1167 3230 dixit
1189 3165 1325 3229 clericus
1346 3166 1389 3229 ad
1414 3187 1534 3248 regern,
1550 3167 1638 3230 ‘Vos
1661 3169 1758 3246 enirn,
1778 3169 1838 3232 do-

488 3291 584 3368 mine,
600 3289 737 3353 novistis
759 3308 861 3350 unum
884 3289 940 3369 qui
962 3288 1056 3351 dedit
1079 3286 1127 3368 ij0.
1150 3288 1240 3350 milia
1264 3307 1446 3350 mercarum
1470 3287 1525 3350 uni
1550 3287 1686 3352 domino
1710 3299 1839 3352 terreno

487 3422 524 3477 ut
554 3410 733 3476 translatus
765 3419 852 3472 esset
881 3409 925 3471 de
954 3409 1146 3492 episcopatu
1172 3430 1233 3472 suo
1260 3408 1293 3470 in
1322 3407 1659 3492 archiepiscopatum!
1705 3409 1751 3475 Et
1777 3431 1837 3474 rex

487 3541 662 3596 contentus
685 3531 745 3594 fuit
768 3531 980 3612 responsione
1002 3530 1121 3593 clerici.

575 3652 732 3735 Episcopi
760 3651 918 3726 solebant,
947 3661 984 3715 ut
1011 3661 1104 3733 patet
1135 3652 1167 3713 in
1193 3653 1261 3715 vita
1292 3651 1406 3716 Sancti
1433 3650 1616 3728 Cuthberti,
1643 3654 1685 3716 de
1712 3652 1839 3717 Sancto

489 3773 683 3850 Cuthbert0‚
706 3773 862 3855 episcopo
885 3772 1155 3850 Lindisfarnensi‚
1178 3771 1346 3836 humiliter
1370 3783 1403 3837 et
1425 3773 1628 3839 familiariter
1649 3773 1739 3856 loqui
1762 3794 1838 3837 curn

487 3897 555 3960 suis
584 3895 725 3958 subditis
756 3905 791 3959 et
821 3894 969 3977 qualibet
999 3895 1053 3958 die
1083 3895 1163 3958 dare
1192 3904 1342 3976 optatam
1369 3895 1575 3959 audienciam
1605 3895 1672 3958 suis
1698 3895 1839 3958 subditis

486 4017 710 4100 quaerentibus
740 4017 829 4098 loqui
863 4036 937 4081 cum
969 4016 1125 4099 episcopo
1155 4037 1224 4080 suo.
1281 4017 1327 4080 Et
1358 4037 1463 4098 nuper
1485 4037 1569 4079 unus
1601 4036 1725 4098 pauper
1748 4016 1837 4079 venit

487 4139 530 4202 ad
555 4136 715 4200 famulum
739 4137 910 4220 cujusdam
937 4137 1184 4220 archiepiscopi,
1209 4137 1265 4200 filii
1294 4138 1388 4200 unius
1412 4138 1537 4202 domini
1561 4137 1687 4210 terreni,
1715 4137 1837 4210 dicens

488 4259 609 4322 ‘Miror
635 4260 722 4341 quod
751 4259 1014 4342 archiepiscopus
1046 4280 1110 4324 non
1142 4259 1269 4343 praebet
1300 4260 1506 4324 audienciam
1537 4259 1604 4322 suis
1633 4257 1774 4322 subditis
1805 4258 1837 4320 in
