4378 4936
493 397 552 476 146
865 405 964 460 LOCI
990 405 1019 458 E
1048 405 1171 460 LIBRO
1208 404 1464 462 VERITATUM.

490 641 566 685 eum
588 618 757 685 tradaml'
790 629 824 685 et
849 622 985 686 tradunt
1015 622 1142 686 animas
1169 621 1230 684 Xti
1260 621 1419 702 sanguine
1445 621 1634 701 redemptas
1663 619 1697 680 in
1728 637 1844 681 manus

488 740 652 825 luporum,
682 741 738 824 qui
776 759 854 806 oves
889 742 1031 825 rapiunt,
1062 751 1097 806 et
1131 743 1334 825 dispergunt,
1365 750 1400 805 et
1436 760 1503 804 non
1539 761 1595 804 eas
1630 741 1779 804 nutriunt
1811 739 1844 801 in

489 863 634 946 pasturis
664 861 743 945 Jesu
774 861 835 926 Xti
867 864 978 942 verbo,
1009 873 1125 928 sancto
1162 864 1329 946 exemplo,
1358 863 1448 927 bono
1481 871 1514 926 et
1548 861 1685 926 auxilio.
1743 855 1843 923 Heu!

489 982 577 1047 heul
615 993 795 1066 posuerunt
827 983 1011 1064 Jerusalem
1049 984 1082 1047 in
1118 984 1303 1048 custodiam
1341 1004 1502 1048 caecorum
1538 991 1573 1046 et
1610 981 1774 1045 ebriorum
1811 988 1845 1043 et

490 1124 578 1168 curae
605 1124 671 1169 non
695 1105 893 1182 vacantium,
917 1114 951 1168 et
978 1103 1161 1169 excludunt
1189 1126 1245 1169 eos
1271 1105 1327 1188 qui
1355 1105 1470 1182 sciunt,
1493 1113 1640 1187 possunt,
1664 1111 1701 1166 ut
1727 1110 1846 1184 optant

492 1225 598 1308 magis
631 1224 805 1288 animabus
841 1225 1007 1307 prodesse.
1058 1225 1160 1290 Heut
1199 1225 1286 1308 quia,
1327 1235 1363 1289 ut
1400 1225 1486 1304 novi,
1516 1245 1600 1288 unus
1633 1222 1765 1305 juvenis
1794 1242 1845 1284 xx

491 1361 652 1410 annorum
679 1345 773 1428 quasi
798 1346 946 1428 quotidie
976 1346 1094 1426 ebrius,
1119 1346 1222 1412 habet
1248 1347 1294 1429 xij
1326 1347 1530 1430 praebendas,
1560 1355 1595 1410 et
1620 1364 1722 1408 unum
1753 1355 1845 1424 mag-

492 1483 571 1529 num
590 1465 900 1546 archidiaconatum,
915 1478 949 1531 et
970 1477 1084 1532 tamen
1107 1489 1173 1532 non
1198 1469 1319 1532 residet
1342 1469 1375 1530 in
1398 1467 1510 1549 aliqua
1534 1487 1655 1544 earum,
1670 1485 1731 1530 nec
1753 1473 1847 1528 tenet

490 1587 684 1670 hospitium,
715 1588 774 1651 sed
805 1589 924 1652 transit
956 1591 999 1653 ad
1032 1609 1226 1653 communas
1252 1609 1328 1653 cum
1357 1588 1432 1664 alio,
1463 1608 1523 1652 nec
1554 1587 1669 1670 recipit
1699 1586 1846 1650 redditus

493 1728 571 1771 suos
594 1727 654 1772 nec
677 1727 735 1771 eos
758 1709 929 1791 expendit,
945 1710 1003 1773 sed
1027 1730 1112 1772 unus
1135 1709 1238 1774 laicus
1260 1709 1372 1772 omnia
1393 1709 1450 1772 illa
1472 1708 1596 1790 recipit,
1619 1717 1652 1771 et
1675 1705 1846 1789 expendit,

492 1837 527 1892 et
556 1838 750 1911 compotum
781 1829 812 1892 ei
842 1845 1012 1912 nunquam
1044 1831 1161 1908 reddit,
1185 1830 1263 1914 quia
1290 1847 1356 1894 non
1387 1839 1436 1892 est
1466 1845 1575 1912 capax
1605 1828 1761 1911 compoti,
1791 1825 1846 1908 qui

492 1947 550 2012 illa
573 1948 733 2013 beneficia
756 1949 876 2013 retinet
900 1951 1034 2014 nomine
1057 1961 1091 2014 et
1115 1972 1181 2014 non
1205 1972 1249 2015 re.

581 2078 706 2146 [p.158.]
740 2069 797 2134 Ex
815 2069 1091 2152 multiplicatione
1112 2071 1330 2150 licenciarum,
1345 2081 1379 2135 et
1402 2071 1520 2135 talium
1543 2072 1799 2146 concessionum,
1814 2075 1848 2132 et

490 2191 802 2274 appropriacionum
826 2192 1037 2256 ecclesiarum
1061 2192 1306 2275 parochialium,
1322 2201 1356 2256 et
1380 2193 1645 2275 exempcionum,
1661 2191 1777 2256 crescit
1799 2189 1848 2252 lu·

494 2332 587 2375 crum
607 2320 854 2375 curtesanorum
870 2313 1049 2376 astantium
1066 2333 1171 2396 papae,
1188 2323 1222 2377 et
1242 2313 1380 2377 aliorum
1398 2313 1627 2378 officiariorum
1649 2322 1682 2376 et
1702 2311 1849 2374 Roman-

493 2453 608 2508 orum3
640 2442 682 2505 et,
707 2433 767 2495 nisi
795 2453 883 2515 papa
910 2433 991 2497 talia
1017 2434 1179 2498 concedat
1203 2443 1236 2497 et
1265 2436 1387 2498 condat
1410 2435 1521 2516 qualia
1544 2434 1605 2516 ipsi
1628 2441 1747 2516 optant
1773 2445 1848 2495 eum

494 2553 684 2630 concedere,
707 2573 767 2636 pro
795 2573 909 2617 eorum
934 2554 1024 2618 lucro
1053 2555 1311 2637 augmentando,
1332 2565 1480 2620 astantes
1504 2576 1600 2637 papae
1626 2556 1656 2617 ei
1682 2555 1850 2628 insultant,

495 2681 530 2736 et
557 2673 587 2736 ei
614 2672 765 2736 inimicos
795 2674 953 2753 excitant,
978 2684 1011 2739 et
1041 2675 1083 2738 ad
1112 2675 1183 2756 ejus
1215 2675 1459 2758 deposicionem
1485 2676 1538 2738 vel
1572 2675 1849 2738 intoxicacionem

495 2792 659 2857 laborant.
704 2793 802 2869 Item,
833 2793 924 2857 aliud
955 2803 1006 2858 est
1036 2795 1126 2876 quod
1158 2795 1254 2859 infert
1288 2813 1445 2877 magnum
1478 2797 1712 2860 detrimentum
1743 2815 1849 2878 papae,

496 2913 630 2989 scilicet,
654 2913 772 2978 electio
802 2935 861 2977 sua
891 2935 991 2997 quam
1022 2915 1101 2978 iacit
1131 2916 1174 2979 de
1203 2916 1427 2994 cardinalium,
1455 2918 1511 2998 qui
1541 2918 1705 2999 eliguntur
1731 2918 1773 2980 ab
1800 2937 1849 2989 eo,

495 3044 631 3118 propter
660 3035 865 3118 sanguinem,
886 3013 948 3099 vel
967 3037 1045 3118 quia
1076 3038 1165 3118 quod
1197 3039 1315 3102 divites
1342 3049 1419 3101 sunt
1445 3038 1478 3100 in
1506 3039 1690 3113 mundanis,
1715 3049 1749 3102 et
1775 3048 1851 3120 post

497 3155 696 3221 eleccionem
713 3157 746 3219 in
767 3156 1007 3221 cardinalatum
1030 3157 1203 3222 licenciam
1219 3159 1353 3236 habent,
1367 3169 1405 3222 ut
1427 3161 1604 3223 retinerent
1620 3161 1745 3242 priores
1766 3161 1852 3243 epis·

496 3287 636 3359 copatus
666 3296 745 3341 suos
774 3277 808 3340 in
839 3279 1083 3354 commendam,
1114 3299 1181 3342 non
1211 3280 1366 3344 obstante
1397 3281 1486 3362 quod
1518 3280 1669 3344 solebant
1705 3281 1851 3363 episcopi

497 3396 593 3462 electi
608 3397 657 3460 in
682 3397 867 3461 cardinales
894 3397 1066 3462 Romanos
1089 3399 1161 3480 ipso
1185 3399 1272 3464 sacto
1300 3401 1465 3483 resignare
1491 3401 1616 3484 priores
1642 3401 1853 3484 episcopatus

497 3539 584 3596 suos,
610 3527 644 3583 et
670 3519 824 3583 assistere
851 3539 948 3602 papae
976 3521 1009 3582 in
1036 3520 1245 3584 consulendis
1276 3529 1310 3584 et
1339 3523 1531 3586 ordinandis
1561 3531 1594 3586 et
1625 3522 1852 3586 reformandis.

498 3639 601 3704 Unde
619 3639 652 3703 in
671 3641 789 3704 diebus
811 3642 978 3704 modernis
997 3641 1116 3705 diversi
1136 3641 1267 3706 suerunt
1288 3644 1469 3707 cardinales
1487 3645 1520 3707 in
1536 3643 1670 3726 Anglia,
1686 3653 1720 3708 et
1736 3643 1852 3722 Gallia,

499 3771 532 3824 et
562 3762 596 3824 in
625 3762 698 3825 aliis
729 3762 926 3844 regionibus,
956 3763 1013 3844 qui
1045 3783 1214 3844 nunquam
1247 3764 1379 3828 luerunt
1410 3765 1538 3840 Romae,
1570 3786 1630 3830 nec
1660 3787 1735 3829 cum
1765 3785 1853 3848 papa

498 3891 575 3966 post
602 3903 698 3946 suum
728 3882 976 3963 cardinalatum,
1001 3894 1052 3948 set
1078 3905 1209 3966 semper
1233 3897 1423 3950 manserunt
1450 3887 1483 3950 in
1510 3888 1577 3950 suis
1603 3887 1743 3969 propriis
1768 3887 1853 3970 regi-

498 4003 624 4082 onibus,
648 4013 805 4068 vacantes
831 4005 898 4068 suis
928 4004 1107 4068 honoribus
1136 4005 1250 4087 pocius
1278 4027 1379 4088 quarn
1409 4008 1476 4071 suis
1507 4008 1600 4085 curis,
1625 4017 1659 4073 et
1688 4027 1764 4072 cum
1790 3999 1854 4071 hoc

500 4123 704 4188 retinuerunt
729 4124 855 4208 priores
884 4145 962 4188 suos
992 4126 1202 4208 episcopatus
1232 4127 1265 4190 in
1292 4129 1532 4202 commendam,
1557 4149 1641 4210 quos
1669 4123 1854 4192 habuerunt

499 4254 579 4309 ante
604 4244 844 4310 cardinalatum
870 4267 975 4325 suum,
1003 4256 1037 4311 et
1067 4256 1139 4311 tum
1170 4265 1339 4330 nunquam
1366 4251 1519 4314 viderunt
1548 4263 1670 4332 papam
1694 4249 1853 4331 quamdiu
