4378 4936
743 411 840 466 LOCI
868 410 895 462 E
925 410 1048 464 LIBRO
1084 407 1343 462 VERITATUM.
1663 415 1721 482 157

371 622 519 689 Bononia
544 625 663 690 Crassa
688 627 843 702 existens,
867 625 1043 688 concilium
1067 623 1250 686 universale
1274 623 1377 686 totius
1404 622 1549 686 ecclesiae
1576 624 1620 687 ad
1647 623 1725 687 civi·

370 756 474 810 tatem
502 746 797 811 Constanciensem
823 745 973 822 Sweniae,
1002 766 1077 827 quae
1108 754 1158 808 est
1189 745 1222 806 in
1253 744 1420 826 provincia
1452 743 1658 826 Maguntina,
1681 746 1725 809 de

370 867 508 930 consilio
530 866 667 931 fratrum
684 886 816 930 suorum
838 865 1055 931 cardinalium
1074 865 1276 940 convocavit,
1293 884 1360 946 quo
1376 864 1514 928 concilio
1533 875 1724 943 convocat0,

371 997 404 1051 et
427 986 580 1067 Johanne
606 989 639 1050 in
665 987 721 1052 illo
749 987 887 1052 concilio
915 986 1068 1068 deposito
1092 1006 1150 1067 per
1176 984 1360 1058 concilium,
1384 983 1445 1048 fuit
1469 986 1623 1048 dominus
1647 985 1724 1050 Odo

371 1107 495 1170 electus
517 1108 550 1170 in
574 1129 707 1190 papam,
724 1119 758 1172 et
781 1108 962 1170 vocabatur
978 1106 1142 1169 Martinus
1165 1107 1309 1187 quintus.
1343 1103 1436 1168 Ordo
1458 1107 1546 1168 enim
1562 1125 1724 1188 paparum

373 1227 601 1291 Romanorum
633 1239 710 1310 post
741 1228 914 1293 Urbanum
941 1227 997 1308 vj²¹¹
1028 1237 1079 1291 est
1109 1228 1180 1300 iste,
1213 1226 1401 1291 Bonifacius
1424 1228 1479 1305 ix¹,
1508 1228 1724 1294 Innocencius

371 1348 438 1429 vij¹,
477 1348 656 1432 Gregorius
697 1349 765 1431 xij⁸,
800 1349 998 1413 Alexander
1035 1349 1179 1430 quintus,
1216 1348 1386 1428 Johannes
1425 1366 1474 1430 23,
1515 1350 1548 1412 in
1586 1349 1725 1414 concilio

371 1470 516 1551 generali
545 1470 754 1534 Constanciae
781 1470 961 1552 depositus
987 1469 1150 1533 Martinus
1180 1470 1326 1550 quintus,
1355 1470 1524 1553 Eugenius
1546 1471 1638 1552 iiijffl,
1664 1471 1725 1534 Ni·

372 1590 507 1654 cholaus
537 1592 681 1672 quintus
707 1592 763 1673 qui
794 1590 856 1654 fuit
886 1592 1005 1654 doctor
1034 1610 1135 1653 sacrae
1158 1589 1352 1672 Theologiae
1380 1602 1413 1654 et
1438 1593 1621 1655 vocabatur
1646 1601 1725 1655 ante

372 1721 532 1792 papatum
562 1710 712 1774 Thomas
745 1713 787 1774 de
819 1711 1017 1792 Sayrasano‚
1053 1712 1096 1774 de
1131 1711 1294 1774 territorio
1324 1711 1550 1791 Jannensium,
1586 1732 1726 1794 magnus

375 1829 494 1894 Romae
521 1831 709 1909 aedificator‚
734 1833 785 1896 cui
809 1831 966 1895 successit
992 1830 1137 1895 Calistus
1161 1840 1202 1913 3¹,
1228 1851 1327 1912 quem
1353 1832 1496 1894 Romani
1518 1843 1638 1896 vocant
1662 1832 1726 1896 Ca·

374 1950 495 2028 listum‚
521 1962 554 2014 et
578 1951 751 2016 Teutonici
774 1961 895 2015 vocant
922 1971 999 2016 eum
1022 1949 1204 2014 Calixtum.
1250 1951 1406 2016 Clemens
1429 1962 1541 2015 autem
1565 1955 1727 2034 septimus

375 2070 499 2135 electus
537 2071 623 2134 male
654 2073 686 2134 in
720 2092 842 2154 papam
872 2081 1023 2153 tempore
1054 2071 1183 2136 Urbani
1214 2073 1311 2149 sexti,
1345 2083 1379 2135 et
1416 2073 1522 2136 eciam
1560 2092 1728 2136 successor

375 2192 454 2274 ejus,
482 2192 598 2256 Petrus
624 2193 666 2256 de
693 2193 799 2270 Luna,
820 2203 957 2258 vocatus
981 2193 1181 2256 Benedictus
1208 2193 1277 2274 xiij,
1305 2193 1436 2256 fuerunt
1462 2195 1638 2276 antipapae,
1667 2195 1726 2257 ie.

374 2314 527 2377 contrarii
550 2333 628 2377 vero
650 2333 746 2395 papae
775 2313 940 2378 Romano.
985 2312 1077 2376 Nota
1103 2334 1163 2395 pro
1186 2315 1325 2376 veritate
1351 2314 1580 2394 praedictorem
1607 2314 1726 2378 librum

376 2434 429 2498 De
446 2434 557 2498 Gestis
580 2434 613 2498 in
635 2434 782 2516 generali
805 2433 944 2498 concilio
961 2419 1220 2509 constanciensi,
1238 2444 1271 2498 et
1294 2445 1344 2498 est
1364 2434 1518 2510 Oxoniae‚
1536 2437 1568 2498 in
1588 2435 1727 2518 collegio

376 2554 563 2632 Dunelmae,
586 2575 630 2617 ex
652 2557 741 2618 dono
765 2555 913 2636 magistri
937 2554 1076 2618 Roberti
1101 2555 1236 2632 Burton,
1252 2557 1309 2638 qui
1335 2555 1396 2618 fuit
1423 2577 1566 2638 praesens
1592 2555 1626 2619 in
1651 2576 1728 2620 con·

375 2675 450 2738 cilio
472 2675 617 2757 generali
641 2673 902 2740 Constanciensi.

463 2804 500 2870 [p.
522 2803 589 2868 171]
635 2795 691 2860 Sic
718 2816 829 2859 revera
853 2795 933 2876 jam,
963 2815 1051 2858 anno
1079 2796 1215 2858 Domini
1240 2809 1331 2874 1447,
1361 2805 1411 2858 est
1438 2796 1545 2859 bonus
1571 2817 1668 2879 papa,
1695 2807 1729 2860 et

376 2924 476 2997 caput
507 2914 593 2991 cleri,
625 2915 809 2980 Nicholaus
838 2917 982 2998 quintus,
1012 2916 1129 2979 doctor
1158 2936 1259 2979 sacrae
1286 2916 1489 2998 Theologiae,
1522 2917 1664 2992 Italicus,
1695 2927 1729 2980 et

377 3036 531 3100 secularis
557 3036 683 3115 habitu,
707 3048 741 3101 et
766 3039 822 3101 diu
849 3037 986 3102 ecclesia
1013 3057 1049 3100 se
1075 3039 1247 3101 excusavit
1273 3038 1316 3100 de
1341 3037 1436 3100 malis
1459 3047 1595 3120 propter
1620 3037 1728 3101 defec-

377 3166 449 3220 tum
479 3158 557 3220 boni
588 3159 705 3240 capitis
736 3159 769 3221 in
801 3159 889 3222 curia
922 3157 1085 3220 Romana.
1141 3156 1177 3221 Si
1205 3178 1283 3240 ergo
1304 3158 1374 3239 jam
1402 3179 1468 3222 non
1499 3158 1557 3221 fiat
1587 3158 1729 3240 plurium

378 3277 538 3342 malorum
563 3279 759 3357 reformatio,
785 3289 884 3361 putas
915 3279 1049 3360 quando
1071 3279 1189 3356 veniet,
1213 3280 1258 3341 ‘si
1282 3281 1315 3341 in
1338 3280 1431 3343 viridi
1455 3275 1559 3360 ligno'
1582 3297 1647 3342 non
1671 3277 1730 3341 fiat

378 3399 510 3476 fructus,
532 3401 721 3482 ‘quomodo
743 3401 776 3462 in
795 3400 887 3464 arido
911 3397 1005 3464 fiet?'
1033 3409 1066 3462 et
1090 3399 1181 3462 illum
1205 3420 1327 3483 papam
1354 3401 1552 3465 Nicholaum
1576 3400 1730 3480 quintum

379 3519 455 3582 novi
486 3530 653 3583 mortuum
678 3521 796 3584 Romae
827 3543 871 3584 ex
902 3521 1063 3584 relacione
1094 3520 1202 3599 fuisse,
1225 3522 1295 3584 sine
1325 3520 1558 3585 reformatione
1584 3519 1730 3583 ecclesiae

379 3649 413 3704 et
435 3640 561 3722 absque
584 3642 815 3706 reformatione
838 3643 935 3708 curiae
953 3642 1126 3704 Romanae.
1174 3640 1328 3705 Creditur
1348 3643 1436 3705 enim
1454 3662 1514 3724 pro
1528 3661 1617 3716 veru,
1641 3641 1730 3722 quod

379 3760 407 3824 si
438 3760 556 3841 aliquis
591 3781 678 3844 papa
707 3763 848 3826 voluerit
878 3762 989 3826 delere
1018 3762 1083 3840 illa,
1114 3783 1157 3825 ex
1187 3763 1307 3845 quibus
1336 3763 1483 3844 sequitur
1512 3761 1667 3843 voluptas
1697 3763 1731 3824 in

381 3882 470 3946 curia
495 3881 658 3960 Romana,
686 3892 720 3947 et
745 3882 976 3948 habundancia
1002 3884 1225 3965 pecuniarum,
1248 3893 1327 3947 tunc
1354 3904 1442 3966 papa
1464 3903 1523 3965 per
1549 3883 1610 3946 sibi
1634 3883 1732 3945 assis·

380 4010 490 4066 tentes
515 4003 576 4065 erit
603 4004 730 4084 private
753 4004 963 4082 intoxicatus,
989 4003 1041 4068 vel
1068 4004 1200 4086 publice
1229 4003 1429 4078 interfectus,
1451 4003 1505 4066 vel
1527 4024 1548 4066 a
1571 4003 1650 4066 sede
1672 4021 1732 4064 sua

382 4122 516 4204 ejectus,
541 4132 578 4186 ut
600 4123 662 4186 fuit
686 4123 855 4206 Eugenius
881 4145 977 4206 papa,
1001 4125 1222 4206 praedecessor
1244 4124 1397 4188 Nicholai
1423 4125 1540 4206 quinti,
1562 4143 1622 4205 per
1643 4123 1733 4205 prin-

382 4243 489 4324 cipem
530 4242 697 4322 Salerniae,
735 4255 768 4308 et
806 4265 865 4326 per
902 4246 1057 4326 juvenem
1096 4245 1305 4323 cardinalem,
1335 4255 1413 4309 tunc
1453 4245 1648 4326 Prosperum
1690 4244 1732 4306 dc
