4322 4936
493 391 552 472 178
865 401 965 457 LOCI
991 403 1021 456 E
1049 401 1173 455 LIBRO
1209 401 1467 457 l'ERITATUrlI.

488 616 582 695 siam,
598 625 632 682 et
653 618 806 696 officium,
822 628 856 684 et
876 618 1023 702 regimen
1044 615 1204 697 aliorum3
1228 637 1335 682 causae
1359 619 1446 682 enirn
1467 617 1655 682 collacionis
1676 617 1844 684 modemae

488 739 671 804 officiorum
694 749 728 806 et
751 739 962 806 ecclesiarum
987 760 1053 804 non
1073 750 1150 803 sunt
1170 760 1257 804 verae
1281 761 1388 804 causae
1412 759 1522 804 coram
1539 739 1614 803 Deo
1636 739 1694 804 sed
1717 739 1846 803 laesurae

488 859 704 943 plurimarum
721 861 915 926 animarum.
954 859 1085 926 Stultus
1100 861 1188 925 enim
1204 870 1255 925 est
1270 860 1326 944 qui
1342 881 1386 924 ex
1402 881 1461 924 sua
1478 859 1565 923 mala
1579 860 1751 924 voluntate
1766 857 1845 923 iacit

489 1001 555 1046 non
582 1001 715 1046 causam
742 987 813 1046 ess'e
839 992 877 1047 ut
902 1002 1045 1062 causam,
1071 981 1222 1046 faciendo
1248 990 1282 1046 et
1312 982 1524 1046 concedendo
1551 980 1765 1046 collacionem
1791 1001 1844 1044 ec·

440 1157 442 1162 .
489 1101 598 1166 clesiae
623 1102 676 1166 vel
702 1104 800 1168 officii
826 1124 886 1186 pro
912 1125 1054 1189 persona
1083 1125 1144 1187 pro
1169 1125 1235 1186 qua
1262 1124 1327 1167 non
1358 1103 1404 1167 sic
1430 1102 1562 1182 faceres
1588 1113 1622 1167 et
1648 1123 1709 1186 pro
1735 1102 1844 1166 inten-

488 1222 583 1288 cione
603 1233 637 1289 et
659 1223 724 1288 fine
746 1246 806 1308 pro
829 1246 896 1308 quo
920 1246 986 1289 non
1008 1224 1130 1289 laceret
1153 1224 1240 1289 talis.

575 1353 613 1421 [p.
638 1353 708 1420 361.]
762 1346 826 1410 Est
858 1345 984 1428 duplex
1014 1347 1154 1424 Vienna,
1185 1367 1250 1410 una
1284 1353 1334 1409 est
1368 1344 1400 1408 in
1432 1344 1578 1422 Francia,
1608 1344 1651 1407 de
1685 1364 1752 1426 qua
1781 1343 1843 1408 suit

488 1465 666 1546 praedictus
689 1467 806 1532 doctor
825 1462 944 1555 [Hugo
966 1468 1008 1530 de
1022 1461 1180 1552 Vienna]‚
1204 1465 1261 1529 illa
1284 1474 1334 1529 est
1353 1465 1483 1528 Vienna
1503 1485 1578 1547 quae
1601 1475 1652 1528 est
1673 1465 1786 1528 civitas
1808 1475 1842 1528 et

488 1585 683 1652 universitas
710 1587 743 1650 in
770 1589 891 1652 ducatu
914 1586 1072 1666 Austriae,
1095 1586 1188 1668 cujus
1215 1587 1286 1649 dux
1310 1595 1360 1649 est
1383 1606 1443 1648 rex
1467 1585 1634 1668 Ungariae,
1661 1605 1755 1663 nunc,
1778 1585 1844 1648 isto

487 1726 576 1771 anno
605 1705 743 1770 Domini
769 1707 859 1788 1456,
882 1708 1038 1772 dominus
1061 1707 1247 1786 Ladislaus,
1269 1705 1362 1790 cujus
1384 1706 1592 1790 gubernator,
1608 1707 1763 1770 dominus
1784 1705 1843 1786 Jo-

486 1826 613 1892 hannes
637 1828 786 1912 Hungat‚
810 1849 922 1892 comes
936 1829 1214 1906 Vicesterciensis,
1233 1847 1321 1892 anno
1346 1827 1481 1890 Domini
1502 1825 1592 1910 1456,
1610 1847 1686 1890 cum
1709 1823 1746 1890 xl
1769 1825 1843 1889 mil-

486 1947 572 2011 libus
595 1947 804 2028 Xtianorum,
821 1949 942 2014 occidit
961 1951 993 2013 in
1016 1949 1165 2032 Ungaria
1186 1959 1320 2014 centum
1341 1946 1432 2011 milia
1447 1956 1480 2012 et
1496 1948 1735 2030 quinquaginta
1752 1947 1842 2010 milia

486 2087 692 2149 paganorum
714 2069 905 2149 Turcorum,
928 2090 973 2134 sc.
998 2079 1106 2134 totum
1127 2089 1241 2133 eorum
1269 2068 1462 2143 exercitum,
1486 2067 1635 2150 exceptis
1661 2087 1686 2130 x
1709 2067 1842 2130 milibus

485 2185 678 2267 Turcorum,
690 2190 747 2272 qui
763 2191 796 2253 in
808 2211 896 2273 aqua
908 2190 1055 2254 Danubii
1067 2210 1143 2254 cum
1156 2209 1269 2254 eorum
1286 2188 1433 2271 principe
1450 2188 1662 2252 Machometo
1678 2187 1844 2270 sugerunt.

573 2317 612 2386 [p.
636 2318 704 2384 380.]
749 2317 865 2374 Pileus
886 2318 1024 2374 habitus
1046 2318 1207 2374 doctoris.
1253 2309 1419 2392 Regnavit
1442 2307 1561 2374 Gothis
1584 2309 1759 2387 Diceneus,
1781 2329 1841 2372 rex

487 2449 601 2492 eorum
624 2439 659 2494 et
682 2431 843 2514 pontifex,
866 2452 932 2514 quo
959 2442 1110 2515 tempore
1134 2431 1362 2496 Romanorum
1387 2429 1469 2494 Silla
1494 2431 1619 2512 potitus
1646 2439 1696 2494 est
1722 2429 1841 2512 princi-

486 2557 613 2631 patum,
648 2571 749 2633 quem
782 2552 957 2616 Dicineum
990 2553 1172 2635 suscipiens
1205 2551 1368 2630 Burnista,
1402 2552 1494 2615 dedit
1528 2551 1557 2614 ei
1590 2572 1686 2634 paene
1717 2552 1843 2633 regiam

486 2679 697 2751 potestatem,
728 2670 785 2754 qui
819 2672 978 2737 Dicineus
1011 2693 1146 2736 omnem
1180 2693 1275 2755 paene
1309 2671 1554 2754 philosophiam
1585 2691 1642 2735 eos
1675 2671 1840 2747 instruxit,

485 2789 653 2874 elegitque
675 2813 720 2856 ex
743 2793 822 2877 ipsis
848 2793 1054 2879 philosophis
1077 2794 1298 2859 nobilissimos
1324 2793 1616 2876 prudentioresque
1638 2793 1733 2869 viros,
1757 2813 1843 2876 quos

486 2913 530 2976 ad
557 2911 762 2997 theologiam
786 2915 958 2996 instruens,
983 2915 1060 2980 fecit
1086 2916 1283 2994 sacerdotes,
1308 2935 1428 2978 nomen
1459 2914 1506 2978 eis
1528 2914 1738 2997 pilleatorum
1762 2935 1840 2978 con·

486 3033 628 3109 tradens,
660 3055 700 3098 eo
729 3035 819 3118 quod
854 3037 979 3120 opertis
1008 3036 1172 3119 capitibus
1205 3036 1314 3114 tiaras,
1343 3056 1426 3118 quas
1459 3033 1576 3117 pilleos
1610 3035 1675 3099 alio
1708 3037 1845 3099 nomine·

487 3155 705 3230 nominamus,
731 3154 922 3235 habebant;
954 3157 1114 3240 reliquam
1135 3177 1213 3221 vero
1235 3165 1370 3238 gentem
1393 3155 1565 3239 capillatos
1594 3156 1703 3219 dicere
1720 3155 1841 3237 jussit;

486 3274 550 3340 hoc
572 3275 737 3357 Jordanus
764 3277 946 3360 episcopus,
975 3277 1180 3342 Ravennatis
1210 3277 1361 3354 civitatis,
1385 3278 1428 3340 de
1458 3277 1583 3358 origine
1611 3287 1645 3341 et
1672 3276 1843 3341 vocabulis

486 3396 596 3479 gentis
618 3395 804 3462 Gothorum
825 3399 915 3462 edita
935 3399 977 3461 ad
999 3397 1179 3476 Castalum,
1199 3399 1286 3462 unde
1308 3405 1402 3479 patet
1423 3398 1512 3480 quod
1535 3395 1659 3461 Gothia
1679 3407 1713 3461 et
1735 3397 1842 3462 Dacia

486 3525 522 3582 et
542 3515 685 3601 Gepidia
708 3539 811 3582 unum
834 3527 868 3582 et
892 3519 981 3582 idem
1004 3540 1143 3602 regnum
1166 3529 1225 3583 est.

575 3637 720 3703 Oxoniae
743 3639 831 3703 enirn
851 3660 895 3702 ex
913 3640 1051 3722 antiquo
1073 3649 1209 3719 statuto,
1224 3649 1258 3704 et
1281 3661 1326 3704 ex
1348 3640 1484 3722 antiqua
1506 3639 1750 3716 consuetudine,
1775 3659 1842 3702 non

485 3757 612 3823 habent
635 3759 682 3822 uti
705 3758 811 3841 pilleis
834 3761 995 3836 rotundis,
1022 3761 1083 3824 nisi
1105 3755 1258 3824 doctores
1280 3781 1381 3824 sacrae
1397 3749 1589 3841 Theologiae
1614 3769 1647 3824 et
1665 3759 1754 3840 Juris
1778 3758 1842 3824 Ca·

487 3878 595 3943 nonici
617 3879 778 3958 doctores,
795 3888 828 3942 et
852 3881 885 3943 in
908 3879 1082 3944 Medicinis
1104 3891 1137 3944 et
1156 3880 1303 3962 Legibus
1325 3883 1499 3960 doctores3
1523 3891 1557 3945 et
1579 3880 1625 3944 sic
1648 3881 1844 3944 universitas

485 4000 587 4064 studii
619 3998 821 4064 Oxoniensis
850 4021 871 4064 a
900 4000 1060 4084 principio
1090 4001 1296 4065 fundacionis
1326 4023 1394 4066 suae
1424 4023 1483 4086 per
1513 4023 1625 4084 regem
1655 4000 1842 4079 Alfredum,

486 4121 544 4202 qui
570 4121 674 4186 eciam
695 4119 863 4186 Aluredus
884 4131 1029 4202 vocatur,
1049 4123 1155 4187 facere
1178 4124 1356 4203 consuevit,
1377 4134 1410 4197 et
1433 4125 1478 4190 sic
1503 4123 1660 4190 usitatum
1682 4121 1744 4188 luit
1769 4121 1843 4188 Ox·

487 4241 573 4305 oniae
595 4263 682 4309 anno
704 4243 762 4310 Xti
786 4251 834 4308 m⁰
850 4250 939 4310 cccc⁰
955 4243 1020 4330 56⁰,
1041 4245 1074 4309 in
1097 4252 1247 4329 tempore
1270 4265 1356 4310 meo.
