4322 4936
715 407 813 463 LOCI
839 407 868 460 E
896 405 1021 460 LIBRO
1056 402 1314 456 VERITATUM.
1633 410 1692 474 199

342 622 515 686 absentem
547 646 618 688 esse
647 644 668 688 a
699 644 777 688 cura
810 643 878 686 sua.
935 619 1115 702 Disperdat
1146 617 1311 682 Dominus
1340 619 1445 682 virum
1475 618 1532 701 qui
1562 625 1693 682 tantum

344 743 469 807 malum
492 745 570 810 iacit
595 755 630 810 et
652 745 758 808 virum
780 744 836 827 qui
858 742 954 807 offert
977 762 1097 804 munus
1113 740 1188 804 Deo
1211 761 1271 823 pro
1292 739 1360 818 tali,
1383 741 1402 804 i.
1414 761 1442 804 e.
1461 759 1521 822 pro
1542 737 1601 804 tali
1624 739 1694 802 viro

343 864 400 946 qui
427 864 519 930 ducit
546 887 685 930 uxorem
710 886 777 929 non
801 885 896 928 suam
919 863 1013 946 quasi
1039 882 1099 925 sua
1123 871 1218 938 esset,
1244 862 1306 926 ie.
1325 861 1381 944 qui
1404 860 1506 926 habet
1530 860 1618 924 bona
1641 879 1695 924 ec-

343 984 452 1049 clesiae
475 1007 551 1069 quae
574 997 685 1051 essent
707 987 796 1049 bona
818 985 1001 1048 immediati
1025 983 1129 1047 curati
1151 982 1238 1047 illius
1261 983 1416 1047 ecclesiae.

431 1115 554 1183 [p.551.]
601 1108 686 1171 Haee
712 1117 763 1171 est
793 1107 880 1170 racio
910 1115 1034 1169 sanctae
1061 1105 1229 1167 memoriae
1258 1104 1403 1169 doctoris
1430 1103 1568 1168 Roberti
1595 1100 1695 1167 Gros-

345 1234 439 1306 teste,
455 1228 624 1309 quondam
647 1228 791 1310 episcopi
812 1225 1063 1303 Lincolniensis,
1078 1225 1112 1287 in
1135 1224 1275 1306 epistola
1296 1245 1356 1289 sua
1378 1225 1568 1308 responsiva
1589 1223 1697 1288 literae

346 1345 533 1412 Innocencii
564 1346 630 1430 iiijti
660 1369 767 1431 papae,
798 1347 855 1430 qui
886 1346 990 1410 voluit
1024 1355 1058 1409 et
1095 1345 1265 1410 mandavit
1295 1346 1385 1428 quod
1418 1345 1559 1428 juvenis,
1593 1363 1696 1428 nepos

346 1467 495 1550 ejusdem
532 1488 629 1550 papae
663 1468 860 1548 Innocencii,
893 1468 1085 1532 Fredericus
1123 1467 1265 1543 nomine,
1298 1488 1342 1530 ex
1376 1468 1562 1550 provisione
1595 1465 1696 1550 ipsius

345 1608 453 1671 papae,
479 1587 616 1654 haberet
642 1591 832 1673 proximam
860 1610 903 1653 ex
933 1600 1011 1654 tunc
1041 1598 1230 1652 vacaturam
1257 1590 1469 1671 praebendam
1499 1589 1533 1652 in
1559 1587 1697 1652 ecclesia

347 1707 550 1789 Lincolniae;
573 1711 624 1774 cui
648 1712 809 1775 mandato
828 1731 925 1793 papae
944 1709 1098 1773 dominus
1114 1708 1352 1772 Lincolniensis
1375 1729 1543 1792 nunquam
1562 1709 1697 1773 obedire

346 1829 460 1906 voluit,
482 1851 639 1906 asserens,
661 1831 694 1894 in
718 1831 878 1913 praedicta
901 1828 1040 1912 epistola
1062 1830 1260 1914 responsiva,
1283 1829 1351 1894 tale
1372 1829 1497 1894 lactum
1520 1851 1592 1894 esse
1618 1849 1696 1894 con·

346 1953 483 2014 trarium
514 1951 578 2014 Dei
611 1952 769 2015 mandato
800 1961 833 2015 et
863 1951 962 2015 saluti
992 1952 1198 2030 animarum3
1234 1961 1268 2015 et
1299 1951 1451 2033 Epistola
1482 1949 1540 2014 illa
1574 1952 1697 2033 incipit,

347 2072 506 2135 ‘Noverit
533 2072 709 2136 discreccio
735 2081 847 2136 vestra
869 2073 959 2154 quod
984 2071 1150 2136 mandatis
1172 2067 1381 2154 apostolicis'
1406 2081 1469 2136 etc.
1514 2071 1583 2135 Iste
1609 2070 1697 2134 enim

347 2211 435 2274 papa
470 2192 686 2257 Innocencius
716 2193 801 2275 iiijtun
830 2193 960 2275 scripsit
986 2193 1194 2271 Innocencio,
1219 2191 1385 2256 collectori
1415 2213 1476 2255 suo
1501 2191 1535 2254 in
1561 2190 1697 2273 Anglia,

349 2321 382 2376 et
408 2313 638 2378 archidiacono
667 2312 904 2392 Cantuariensi,
931 2315 1134 2392 mandatum,
1161 2323 1194 2377 et
1225 2334 1290 2377 non
1320 2314 1475 2378 obstante
1500 2333 1698 2396 quocunque

348 2443 484 2512 statut0,
513 2435 566 2499 vel
602 2436 745 2511 decreto,
774 2435 1021 2514 consuetudine,
1050 2434 1103 2498 vel
1131 2434 1322 2517 juramento
1356 2435 1547 2518 praestando
1578 2435 1611 2497 in
1644 2454 1697 2500 ec-

350 2555 458 2620 clesiis
496 2548 741 2620 cathedralibus
779 2557 841 2640 ipsi
878 2557 1026 2632 domino,
1064 2556 1258 2622 inducerent
1294 2554 1505 2620 Fredericum
1542 2565 1697 2640 nepotem

349 2697 456 2760 papae,
487 2687 521 2742 et
555 2676 783 2759 alienigenam,
813 2677 846 2740 in
880 2677 1001 2741 realem
1038 2676 1281 2760 possessionem
1321 2677 1508 2760 praebendae
1545 2677 1699 2760 proxime

348 2807 511 2861 vacaturae
536 2796 569 2860 in
594 2797 733 2862 ecclesia
759 2797 994 2862 Lincolniensi.
1041 2797 1109 2863 Sed
1140 2799 1296 2862 dominus
1321 2797 1562 2863 Lincolniensis
1589 2798 1697 2881 ipsum

350 2917 560 2981 Fredericum
584 2919 617 2980 in
643 2919 873 2983 canonicatum
896 2921 1039 3002 recipere
1062 2939 1129 2982 non
1150 2918 1266 2994 voluit,
1284 2939 1345 2984 nec
1368 2919 1439 3001 ejus
1460 2927 1697 3002 procuratores,

350 3038 483 3101 nomine
510 3039 621 3120 ipsius,
645 3058 793 3102 asserens
820 3039 929 3122 ipsum
959 3040 1169 3104 Fredericum
1195 3040 1313 3104 eodem
1339 3049 1416 3104 actu
1446 3021 1636 3114 inhabilem,
1664 3049 1699 3103 et

350 3157 383 3221 in
413 3167 513 3222 aetate
541 3157 677 3239 juvenili
711 3159 942 3242 indispositum
971 3160 1016 3224 ad
1052 3160 1197 3242 regimen
1231 3160 1425 3238 animarum,
1458 3169 1493 3224 et
1527 3159 1570 3223 ad
1603 3167 1700 3224 actus

351 3279 553 3360 pertinentes
579 3288 613 3342 et
639 3279 771 3344 debitos
797 3280 986 3363 praebendae
1011 3281 1142 3344 vacanti
1166 3279 1358 3355 Lincolniae,
1382 3289 1416 3344 et
1445 3279 1552 3344 eidem
1580 3280 1698 3344 collec-

350 3401 412 3463 tori
436 3420 532 3482 papae
555 3399 588 3462 in
606 3399 731 3482 Anglia
756 3401 958 3477 innocentio,
981 3411 1014 3466 et
1036 3401 1265 3466 archidiacono
1284 3400 1512 3466 Cantuariensi
1535 3401 1699 3484 rescripsit

350 3520 440 3584 idem
469 3520 623 3585 dominus
653 3521 894 3586 Lincolniensis
924 3522 1099 3605 epistolam
1131 3525 1355 3605 responsivam
1385 3521 1505 3587 litteris
1533 3541 1632 3604 papae
1664 3529 1700 3584 et

351 3639 469 3706 litteris
499 3641 646 3723 ipsorum
679 3644 897 3722 dominorum,
925 3653 958 3708 et
989 3643 1130 3726 epistola
1159 3643 1216 3708 illa
1245 3644 1435 3726 responsiva
1464 3643 1590 3707 domini
1620 3641 1699 3704 Lin-

351 3761 524 3826 colniensis
549 3763 665 3827 litteris
689 3785 786 3847 papae
814 3764 1003 3828 Innocencii
1026 3774 1060 3828 et
1082 3764 1315 3847 praedictorum
1340 3763 1548 3827 dominorum
1575 3762 1700 3845 incipit,

352 3883 511 3947 ‘Noverit
535 3885 693 3949 discrecio
714 3895 824 3949 vestra
854 3887 942 3968 quod
970 3885 1137 3950 mandatis
1166 3881 1376 3969 apostolicis,’
1406 3894 1468 3948 etc.
1522 3882 1589 3966 Qui
1612 3883 1700 3947 enim

353 4023 438 4066 nunc
463 4014 600 4068 vocatur
627 4005 783 4070 collector
812 4027 909 4090 papae
936 4007 969 4070 in
993 4005 1120 4088 Anglia
1146 4007 1180 4070 in
1207 4016 1356 4089 tempore
1381 4003 1506 4070 domini
1533 4003 1700 4068 Lincolni-

352 4125 440 4188 ensis
464 4126 644 4190 vocabatur
670 4127 807 4210 scriptor
830 4149 927 4210 papae
950 4127 983 4191 in
1005 4127 1140 4211 Anglia,
1161 4127 1249 4192 unde
1273 4147 1361 4210 papa
1384 4126 1599 4190 Innocencius
1616 4123 1701 4206 iiijw·

352 4244 481 4328 scripsit
512 4246 710 4311 Innocencio
738 4247 887 4329 scriptori
918 4269 978 4312 suo
1012 4248 1045 4312 in
1075 4247 1202 4331 Anglia
1234 4268 1294 4331 pro
1329 4248 1488 4330 praedicta
1515 4245 1701 4330 provisione
