4378 4936
717 406 817 462 LOCI
842 407 871 460 E
900 406 1025 461 LIBRO
1061 407 1319 463 VERITATUM.
1637 405 1697 478 155

346 622 463 685 doctor
483 621 565 704 juris
588 621 744 698 canonici,
772 631 945 704 promotus
975 623 1008 685 in
1033 631 1182 705 tempore
1208 622 1392 687 vacacionis
1418 621 1578 696 beneficii,
1602 641 1698 686 occu·

346 744 438 825 pavit
458 753 492 806 et
511 742 645 806 retinuit
666 741 993 818 archidiaconatum
1027 753 1061 807 et
1077 753 1155 808 tunc
1179 743 1234 808 ille
1253 744 1401 826 Prosper,
1418 744 1571 808 restituto
1594 742 1700 807 cardi-

346 862 481 940 nalatui,
508 863 724 946 implacitavit
751 873 865 927 contra
891 863 1088 946 praedictum
1112 863 1280 929 Thomam
1307 865 1340 928 in
1367 864 1457 928 curia
1479 864 1641 938 Romana,
1666 872 1700 927 et

347 983 490 1048 finaliter
524 984 571 1048 sic
613 984 802 1048 concordati
839 984 979 1062 fuerunt,
1017 985 1106 1066 quod
1145 984 1234 1048 idem
1272 985 1447 1049 cardinalis
1484 984 1635 1047 habuerit
1666 989 1702 1044 2⁰

346 1104 507 1169 beneficia
536 1105 569 1167 in
594 1104 720 1187 Anglia
746 1105 780 1168 in
806 1106 1049 1182 commendam,
1073 1107 1116 1169 ad
1142 1105 1290 1169 valorem
1317 1117 1450 1170 centum
1477 1105 1643 1181 librarum,
1667 1113 1702 1168 et

347 1247 479 1309 semper
516 1226 672 1291 clamavit
709 1235 825 1290 contra
853 1225 1017 1307 Anglicos
1055 1227 1088 1288 in
1122 1227 1211 1290 curia
1249 1227 1412 1301 Romana,
1448 1227 1570 1301 dicens,
1611 1225 1702 1289 ‘Vos

348 1345 492 1429 Anglici‚
509 1348 691 1412 restituatis
706 1346 805 1411 michi
821 1344 1040 1411 beneficium!
1075 1347 1166 1429 Papa
1183 1347 1347 1412 Martinus
1365 1347 1500 1430 quintus
1520 1346 1597 1411 iecit
1618 1366 1704 1428 prae-

348 1468 474 1532 dictum
505 1467 702 1551 Prospemm
732 1468 836 1532 filium
867 1467 986 1532 sororis
1015 1489 1084 1531 suae
1113 1467 1315 1532 cardinalem
1346 1468 1537 1532 Romanum
1566 1466 1702 1548 quando

348 1587 409 1652 suit
436 1589 544 1652 aetatis
573 1587 610 1650 18
637 1609 808 1664 annorum,
836 1598 870 1652 et
895 1609 999 1671 quum
1023 1588 1160 1653 nescivit
1182 1588 1272 1671 loqui
1295 1608 1440 1671 congrue
1464 1588 1644 1665 Latinum3
1668 1597 1702 1651 et

348 1710 415 1772 cito
438 1719 616 1791 postquam
639 1709 699 1773 luit
722 1709 850 1792 positus
872 1709 905 1772 in
926 1709 1144 1784 cardinalatu,
1159 1729 1247 1792 papa
1263 1709 1428 1772 Martinus
1449 1708 1511 1772 suit
1529 1729 1703 1790 percussus

348 1829 382 1891 in
408 1829 528 1912 lingua,
551 1850 628 1912 quae
654 1830 686 1892 in
714 1850 836 1911 magna
861 1830 1050 1912 quantitate
1081 1829 1238 1893 intumuit
1264 1830 1414 1913 pendens
1438 1838 1534 1892 extra
1559 1849 1597 1891 os
1621 1828 1702 1910 ejus,

350 1957 383 2012 et
403 1948 487 2014 infra
508 1949 652 2032 quinque
673 1951 744 2013 dies
765 1949 854 2013 idem
875 1970 963 2032 papa
984 1950 1149 2014 Martinus
1170 1959 1319 2013 mortuus
1340 1959 1411 2028 est;
1437 1957 1471 2012 et
1492 1949 1626 2031 quando
1640 1947 1703 2012 suit

349 2069 474 2134 electus
500 2071 533 2133 in
557 2091 680 2154 papam
706 2070 789 2134 alius
812 2071 920 2134 bonus
949 2071 1068 2134 doctor
1096 2071 1139 2134 de
1166 2069 1306 2134 Francia
1337 2070 1461 2134 electus
1491 2068 1614 2147 suisset,
1641 2069 1702 2131 nisi

349 2191 437 2255 fraus
470 2201 505 2256 et
537 2192 632 2256 labor
661 2192 804 2276 episcopi
835 2202 915 2258 tunc
941 2192 1188 2270 Wintoniensis,
1216 2191 1349 2256 Henrici
1381 2189 1535 2267 Beuiord,
1563 2189 1704 2272 impedi·

349 2314 460 2378 visset.

437 2443 475 2510 [p.
495 2443 561 2511 πόᾳ]
606 2436 646 2498 In
669 2444 820 2519 tempore
841 2455 938 2518 papae
964 2433 1092 2500 Urbani
1117 2433 1214 2512 sexti,
1237 2433 1433 2498 successoris
1456 2430 1605 2514 Gregorii
1626 2429 1703 2514 xj¹⁰¹‚

350 2555 472 2637 incepit
492 2556 612 2620 scisma
632 2556 665 2620 in
686 2555 826 2621 ecclesia
842 2557 1006 2620 Romana.
1044 2555 1084 2618 In
1104 2563 1256 2636 tempore
1276 2554 1364 2618 enim
1384 2573 1481 2636 papae
1498 2553 1627 2617 Urbani
1642 2549 1703 2634 vj²¹,

350 2675 533 2741 cardinales
559 2677 713 2752 Romani,
737 2698 803 2741 non
826 2677 977 2741 volentes
1003 2675 1172 2740 reformari
1196 2695 1255 2757 per
1275 2695 1397 2758 papam
1425 2675 1616 2738 Romanum
1638 2673 1705 2738 Ur·

350 2797 475 2860 banum
503 2798 596 2881 vjilm,
631 2807 835 2863 recesserunt
871 2819 893 2862 a
924 2818 1013 2881 papa
1043 2797 1182 2862 Urbano
1203 2796 1262 2878 vj0.
1315 2795 1418 2860 Anno
1448 2797 1537 2859 enim
1568 2793 1704 2858 Domini

351 2918 453 2982 nostri
475 2918 556 3000 Jesu
578 2919 638 2982 Xti
659 2917 749 3003 1378,
766 2919 903 2983 domino
923 2939 1011 3002 papa
1035 2917 1195 3000 Gregorio
1215 2917 1250 2999 xj
1276 2926 1407 2980 mortuo
1429 2915 1463 2978 in
1486 2916 1567 2978 urbe
1586 2915 1705 2992 Roma,

351 3037 437 3104 circa
454 3039 603 3103 medium
619 3039 902 3123 Quadragesimae,
919 3037 1148 3120 Romanisque
1163 3037 1353 3120 petentibus
1373 3046 1411 3100 ut
1426 3035 1607 3100 cardinales
1628 3055 1705 3098 con·

350 3160 480 3242 gregati
506 3181 566 3242 pro
593 3161 758 3224 eleccione
786 3161 862 3224 novi
886 3159 1031 3223 Romani
1056 3158 1221 3242 pontificis
1247 3159 1440 3222 Romanum
1467 3157 1626 3240 eligerent
1651 3155 1704 3219 vel

352 3280 517 3358 Italicum,
543 3281 725 3346 cardinales
747 3281 911 3364 eligerunt
937 3279 1110 3344 dominum
1138 3278 1410 3344 Bartholomeum
1436 3288 1515 3342 tunc
1544 3276 1705 3358 archiepi-

352 3421 491 3483 scopum
522 3401 702 3466 Barensem
733 3403 765 3465 in
796 3402 1027 3485 apostolicum.
1083 3400 1266 3482 Eligerunt‚
1296 3409 1331 3464 et
1364 3399 1539 3464 Urbanum
1569 3407 1704 3461 sextum

352 3522 614 3597 nominaverunt,
640 3531 674 3586 et
697 3523 730 3586 in
755 3523 809 3586 die
836 3522 971 3586 Paschae
997 3530 1256 3600 coronaverunt3
1290 3520 1349 3584 sed
1374 3518 1555 3583 cardinales
1578 3537 1706 3582 succes·

352 3642 422 3706 sive
445 3642 489 3706 de
512 3642 622 3706 Roma
646 3653 818 3719 exeuntes,
844 3644 954 3726 ipsum
977 3642 1153 3707 Urbanum
1176 3649 1312 3706 sextum
1334 3661 1406 3704 esse
1432 3659 1600 3702 summum
1621 3659 1707 3721 prae-

352 3762 459 3827 sulem
480 3775 691 3845 negaverunt,
711 3773 744 3827 et
760 3785 800 3828 eo
818 3764 929 3842 citato,
946 3773 982 3826 ut
1001 3764 1054 3846 jus
1074 3783 1180 3840 suum,
1195 3763 1221 3826 si
1237 3763 1328 3844 quod
1343 3761 1489 3838 haberet,
1505 3758 1705 3832 defenderet,

352 3883 651 3966 pronunciaverunt
681 3885 789 3966 ipsum
816 3905 882 3948 non
910 3905 983 3948 esse
1008 3883 1090 3964 Jesu
1116 3883 1177 3947 Xti
1202 3883 1235 3946 in
1260 3882 1358 3947 terris
1381 3881 1567 3957 vicarium;
1594 3887 1702 3943 ettum

354 4005 524 4088 elegerunt
552 4005 584 4068 in
614 4025 738 4087 papam
769 4005 955 4069 Robertum
987 4003 1226 4084 Gebenensem,
1251 4013 1331 4068 tunc
1362 4003 1466 4068 eciam
1496 3999 1707 4078 cardinalem,

354 4126 388 4188 in
417 4125 648 4208 apostolicum,
679 4145 778 4207 quem
811 4124 1019 4189 Clementem
1049 4126 1118 4208 vijm
1147 4123 1407 4208 appellaverunt,
1437 4130 1572 4187 etcum
1602 4141 1643 4184 eo
1672 4121 1706 4183 in

354 4245 555 4310 Avinionem
583 4255 799 4310 secesserunt.
849 4246 950 4311 Bonae
981 4245 1081 4327 igitur
1111 4246 1277 4311 memoriae
1309 4243 1463 4322 Karolus,
1489 4243 1521 4305 in
1554 4242 1707 4307 Romano

1000 4363 1023 4410 x
1049 4366 1066 4412 2
