4338 4936
724 400 823 454 LOCI
849 399 878 453 E
907 400 1030 456 LIBRO
1066 400 1324 454 VERITATUM.
1661 403 1702 472 25

347 613 435 678 enim
455 633 519 677 non
540 614 658 678 timent
679 635 816 696 peccare
838 613 915 697 quia
937 635 1003 678 non
1024 615 1159 697 punitur
1178 623 1351 696 peccatum
1368 615 1400 676 in
1416 612 1488 677 aliis
1502 611 1701 691 hominibus,

347 742 382 798 et
413 734 489 816 quia
522 755 587 797 non
617 735 807 816 puniuntur,
837 734 975 799 credunt
1006 734 1087 797 illud
1121 735 1212 816 quod
1248 744 1299 798 est
1328 743 1501 818 peccatum
1533 754 1600 797 non
1629 755 1702 799 esse

347 865 531 938 peccatum.

435 984 470 1051 [p.
489 984 558 1050 336]
592 975 708 1058 Magni
732 976 838 1040 meriti
864 983 941 1038 sunt
968 973 1024 1056 qui
1054 982 1170 1038 contra
1195 983 1359 1057 praecepta
1384 995 1497 1056 regum
1524 985 1557 1038 et
1587 983 1702 1040 contra

349 1096 591 1160 mundanorum
621 1097 746 1163 litteras
776 1095 950 1162 conferunt
979 1094 1086 1159 officia
1115 1103 1150 1158 et
1178 1094 1334 1158 ecclesias
1360 1095 1482 1159 talibus
1511 1093 1702 1159 hominibus

346 1215 469 1298 quibus
491 1217 584 1281 Deus
605 1217 763 1301 praecepit
784 1217 817 1280 in
840 1215 930 1279 libris
951 1214 1122 1297 scripturae
1144 1215 1253 1278 officia
1275 1215 1421 1279 conferri.

435 1345 469 1412 [p.
487 1346 555 1412 338]
589 1338 677 1402 Novi
700 1337 788 1402 enirn
811 1357 914 1400 unum
935 1334 1108 1398 hominem
1130 1355 1204 1398 xxv
1225 1355 1387 1399 annorum
1410 1335 1445 1400 in
1466 1343 1576 1410 aetate,
1593 1343 1628 1400 et
1649 1343 1702 1400 est

348 1457 442 1538 quasi
459 1456 568 1522 fatuus
586 1458 744 1523 naturalis
764 1479 784 1522 a
805 1478 865 1520 sua
881 1456 1056 1538 juventute
1079 1463 1112 1518 et
1135 1454 1202 1519 fere
1218 1455 1339 1520 cotidie
1353 1455 1471 1534 ebrius,
1486 1467 1521 1521 et
1536 1455 1600 1520 hiis
1619 1476 1703 1523 nona

347 1577 558 1642 obstantibus
572 1589 744 1662 promotus
760 1589 811 1642 est
826 1579 859 1640 in
877 1576 1016 1641 ecclesia
1030 1574 1073 1638 ad
1093 1595 1195 1638 unum
1214 1595 1372 1658 magnum
1387 1575 1701 1654 archidiaconatum,

348 1707 384 1762 et
403 1698 447 1761 ad
465 1698 512 1780 xij
533 1700 727 1781 praebendas
749 1699 782 1761 in
805 1697 943 1761 diversis
963 1695 1116 1773 ecclesiis,
1131 1705 1165 1759 et
1185 1705 1298 1760 tamen
1319 1699 1424 1761 nescit
1443 1696 1534 1779 loqui
1555 1717 1701 1779 congrue

349 1816 517 1897 Latinum,
533 1829 567 1884 et
588 1840 674 1882 unus
697 1819 798 1884 laicus
821 1818 937 1900 recipit
959 1817 1071 1880 omnia
1093 1815 1180 1878 bona
1201 1837 1262 1880 sua
1281 1827 1318 1882 et
1338 1817 1463 1880 nullum
1483 1819 1542 1882 dat
1562 1819 1593 1881 ei
1611 1837 1701 1881 corn-

350 1949 476 2019 potum,
492 1941 570 2022 quia
586 1961 652 2003 non
672 1949 724 2003 est
744 1959 854 2022 capax
872 1937 1042 2019 compoti3
1065 1945 1100 2000 et
1120 1937 1209 2000 idem
1230 1936 1332 2000 laicus
1352 1939 1471 2002 retinet
1486 1938 1598 2002 omnia
1612 1937 1702 2000 bona

349 2059 487 2123 istorum
512 2060 745 2124 beneficiorum
772 2070 806 2122 et
832 2057 971 2122 exhibet
996 2057 1192 2139 praedictum
1219 2056 1348 2122 fatuum
1378 2059 1421 2122 ad
1446 2077 1640 2122 communas
1667 2058 1702 2120 in

348 2180 451 2243 domo
473 2181 614 2254 alterius,
638 2189 672 2244 et
699 2199 868 2262 nunquam
894 2179 1016 2242 mansit
1042 2197 1103 2241 nec
1127 2177 1263 2259 aliquod
1284 2179 1409 2243 bonurn
1431 2179 1508 2243 fecit
1532 2179 1566 2242 in
1589 2179 1712 2260 aliqua.

348 2299 528 2382 praebenda
550 2322 618 2378 sna,
641 2301 791 2382 quamvis
812 2299 929 2362 habuit
950 2298 997 2380 xij
1019 2299 1216 2380 praebendas
1239 2299 1349 2376 simul,
1371 2320 1431 2365 nec
1456 2319 1602 2382 unquam
1624 2298 1700 2363 visi-

350 2420 434 2484 tavit
447 2441 544 2483 suum
560 2421 872 2494 archidiaconatum,
889 2419 967 2501 quia
982 2418 1119 2482 nescivit
1135 2429 1224 2483 recte
1239 2418 1341 2502 loqui,
1357 2440 1417 2483 nec
1432 2431 1521 2484 recte
1535 2420 1672 2501 operari.

436 2549 470 2616 [p.
487 2549 558 2618 ³39]
588 2541 677 2606 Novi
693 2542 780 2604 enim
798 2560 899 2602 unum
915 2539 1094 2614 hominem,
1105 2539 1203 2604 valde
1218 2539 1398 2604 inhabilem
1408 2542 1453 2605 ad
1465 2541 1700 2612 sacerdocium,

349 2661 407 2743 qui
422 2661 516 2725 dedit
537 2661 627 2724 mille
645 2682 772 2726 marcas
793 2670 827 2724 et
845 2659 1080 2742 quadrigentas
1101 2679 1162 2740 pro
1181 2680 1248 2724 una
1263 2661 1449 2744 provisione
1465 2661 1526 2724 sibi
1541 2660 1702 2742 acquisita

350 2791 385 2846 et
405 2802 562 2846 concessa
583 2803 604 2845 a
627 2802 714 2865 papa
736 2782 898 2864 Eugenio,
914 2789 948 2844 et
970 2801 1031 2862 pro
1054 2781 1255 2844 execucione
1277 2780 1426 2864 ejusdem
1450 2781 1645 2863 provisionis
1666 2781 1701 2843 in

351 2921 416 2965 uno
446 2902 618 2980 decanatu,
640 2912 675 2966 et
701 2911 815 2966 tamen
841 2921 908 2965 non
936 2901 1092 2965 obstante
1118 2901 1312 2983 provisione,
1336 2911 1370 2965 et
1401 2902 1505 2965 eciam
1535 2902 1621 2984 regis
1650 2899 1702 2964 sui

350 3021 518 3100 mandato,
533 3021 589 3104 qui
613 3022 782 3086 mandavit
804 3021 952 3104 capitulo
970 3021 1354 3086 excommunicacionem
1374 3021 1453 3100 fieri,
1470 3043 1536 3086 non
1556 3021 1704 3104 optinuit

351 3161 412 3205 nec
437 3141 553 3205 habuit
580 3142 723 3206 eundem
748 3144 957 3221 decanatum,
981 3151 1015 3206 et
1041 3141 1190 3222 pluribus
1215 3143 1363 3225 pecuniis
1390 3142 1509 3220 effusis,
1535 3143 1625 3206 idem
1650 3142 1699 3205 in·

349 3260 472 3325 habilis
493 3261 599 3326 iactus
629 3271 681 3326 est
704 3263 887 3344 episcopus,
911 3271 945 3325 et
969 3263 1096 3326 dimisit
1115 3261 1171 3344 jus
1197 3283 1293 3325 suurn
1317 3264 1361 3327 ad
1386 3263 1469 3327 illud
1492 3265 1704 3337 decanatum,

350 3390 386 3444 et
407 3381 462 3444 ille
485 3383 542 3464 qui
568 3382 692 3446 electus
716 3381 777 3446 suit
800 3384 833 3445 in
857 3385 1029 3458 decanum,
1052 3383 1109 3464 qui
1134 3403 1200 3445 non
1225 3383 1285 3447 fuit
1309 3384 1459 3466 provisus
1484 3404 1544 3465 per
1569 3402 1702 3465 papam,

351 3501 458 3566 sactus
480 3511 531 3566 est
555 3502 678 3566 ibidem
701 3504 855 3581 decanus,
878 3513 911 3567 et
936 3503 1074 3586 quidam
1097 3504 1271 3585 episcopus
1297 3503 1394 3567 malae
1421 3504 1589 3567 memoriae
1612 3503 1704 3568 dixit

350 3623 418 3705 regi
442 3622 528 3687 illius
550 3624 642 3705 regni
664 3624 698 3686 in
720 3644 788 3705 quo
811 3623 882 3687 haec
904 3632 981 3688 acta
1002 3634 1087 3698 sunt,
1105 3625 1195 3705 quod
1215 3645 1299 3706 opus
1316 3624 1441 3688 bonum
1464 3624 1526 3689 suit
1548 3633 1583 3688 et
1603 3623 1724 3686 meri-f

350 3744 471 3806 torium
501 3742 559 3807 tali
589 3743 658 3806 viro
691 3745 919 3826 episcopatum
946 3745 1135 3820 concedere,
1162 3755 1198 3808 ut
1231 3745 1316 3808 inter
1342 3745 1450 3828 ipsum
1476 3744 1642 3826 provisum
1666 3752 1702 3808 et

350 3862 451 3926 alium
468 3862 611 3927 electum
625 3863 660 3926 in
675 3865 872 3929 decanatum
888 3864 934 3928 sic
954 3864 1111 3940 finiretur,
1128 3874 1161 3928 et
1182 3874 1219 3928 ut
1239 3864 1543 3930 excommunicacio
1561 3863 1702 3942 illorum,

351 3984 408 4066 qui
437 3983 544 4048 electo
570 3983 604 4046 in
632 3984 796 4047 decanum
823 3995 1058 4049 consenserunt
1083 3999 1118 4050 et
1141 3985 1308 4069 provisum
1331 3986 1375 4049 ab
1401 3985 1601 4049 execucione
1630 4005 1701 4048 suae

351 4103 546 4186 provisionis
576 4105 826 4187 impediverunt,
860 4105 1026 4185 finiretur;
1073 4115 1107 4170 et
1142 4107 1190 4170 sic
1225 4126 1284 4189 per
1317 4105 1472 4188 pecunias
1506 4105 1611 4182 datas,
1642 4103 1700 4186 qui

351 4223 630 4289 excommunicati
664 4223 796 4289 fuerunt
825 4225 869 4290 ab
897 4225 1033 4289 homine
1066 4226 1207 4290 absoluti
1243 4235 1336 4290 erant
1370 4225 1413 4290 ab
1447 4225 1599 4300 homine3
1640 4225 1701 4288 sed

1015 4341 1036 4390 E
