4378 4936
496 389 557 476 138
873 397 973 454 LOCI
997 399 1027 452 E
1055 398 1180 453 LIBRO
1215 399 1473 454 VERITATUM.

494 615 527 678 in
554 635 621 698 qua
647 615 793 680 maxime
817 614 1089 692 delectabantur;
1118 616 1203 680 sicut
1229 614 1480 698 putrifacciones
1502 623 1536 678 et
1562 612 1786 695 corruptiones
1812 613 1845 675 in

495 737 652 800 membris
682 737 823 814 secretis,
846 745 881 800 et
912 736 1198 819 consumptionem
1226 737 1379 820 corporis,
1403 745 1437 800 et
1462 757 1552 818 saepe
1581 733 1775 799 occiduntur
1802 733 1846 797 ab

493 856 557 921 illis
579 878 654 922 cum
677 858 798 941 quibus
822 868 1049 942 peccaverunt,
1065 867 1101 920 ut
1123 859 1263 940 cognovi
1286 857 1510 940 injuventute
1532 877 1607 920 mea
1627 875 1727 918 unam
1751 853 1847 918 muli-

494 998 582 1042 erem
613 999 806 1061 suspensam
833 977 941 1056 suisse,
966 977 1045 1061 quia
1076 977 1109 1041 in
1137 987 1233 1043 nocte
1264 979 1296 1042 in
1320 979 1406 1044 lecto
1432 978 1552 1043 occidit
1577 975 1845 1042 concubinarium

494 1119 599 1177 suum,
616 1109 650 1164 et
670 1100 758 1164 bona
780 1120 840 1163 sua
863 1099 982 1164 furtive
1000 1099 1137 1182 accepit.
1183 1099 1332 1164 Luxuria
1355 1099 1472 1183 polluit
1493 1119 1621 1181 corpus,
1640 1099 1846 1180 depauperat

493 1240 582 1303 opes,
597 1229 729 1304 separat
749 1220 894 1284 animam
913 1241 933 1284 a
949 1220 1035 1296 De0,
1051 1219 1129 1284 facit
1148 1219 1319 1285 hominem
1335 1221 1480 1286 debilem
1502 1221 1533 1283 in
1549 1219 1671 1282 viribus
1691 1217 1844 1300 corporis,

494 1340 572 1406 iacit
599 1341 703 1406 eciam
729 1341 899 1406 hominem
926 1339 1070 1404 debilem
1101 1341 1134 1404 in
1165 1341 1276 1420 oculis,
1303 1351 1336 1406 et
1366 1341 1510 1406 debilem
1538 1341 1571 1402 in
1597 1339 1676 1416 visu,
1702 1347 1736 1402 et
1766 1337 1845 1402 iacit

493 1462 662 1528 hominem
685 1463 840 1528 acerbum
864 1483 937 1527 esse
961 1471 994 1526 et
1020 1482 1155 1527 raucum
1178 1463 1211 1526 in
1234 1484 1336 1542 voce;
1368 1465 1456 1528 unde
1482 1463 1545 1528 ista
1571 1483 1631 1525 sex
1656 1459 1743 1524 mala
1769 1479 1844 1542 quae

493 1595 675 1668 sequuntur
696 1585 863 1648 luxuriam
886 1584 1096 1649 continentur
1122 1585 1155 1648 in
1177 1585 1368 1649 versibus-

736 1721 836 1770 ⁸Luxus
854 1735 952 1786 corpus.
969 1736 1038 1785 opes,
1056 1721 1160 1781 animas,
1179 1721 1237 1778 vim.
1253 1721 1355 1782 lumina,
1373 1737 1454 1781 voces,

754 1819 855 1877 Polluit.
872 1819 1004 1876 adnihilat,
1020 1827 1100 1880 necat,
1117 1819 1199 1885 eripit,
1218 1821 1291 1870 orbat
1308 1821 1363 1883 (ie.
1380 1820 1481 1885 privat),
1499 1819 1614 1869 acerbat!

580 1947 619 2016 [p.
641 1947 694 2016 54]
729 1935 882 2003 Plurimis
902 1940 964 2003 hoc
985 1938 1104 2014 evidet,
1120 1948 1155 2004 et
1172 1958 1259 2003 anno
1276 1937 1410 2001 Domini
1430 1949 1520 2017 1450,
1540 1936 1674 2019 quando
1693 1930 1843 2000 homines

491 2060 535 2124 de
563 2058 776 2142 Hungeriord
805 2069 839 2124 et
861 2059 1002 2141 Nubery
1024 2059 1155 2142 publice
1185 2059 1329 2123 latrones
1358 2058 1498 2137 luerunt,
1523 2078 1607 2120 unus
1630 2077 1743 2121 eorum
1766 2074 1842 2122 cum

491 2179 626 2246 cultello
644 2202 704 2246 suo
723 2179 820 2246 scidit
841 2181 990 2244 membra
1010 2190 1136 2246 secreta
1157 2191 1190 2245 et
1206 2190 1353 2244 ventrem
1371 2179 1467 2243 unius
1485 2177 1603 2261 puellae
1619 2177 1653 2261 xj
1671 2198 1841 2254 annorum,

492 2302 648 2385 eoquod
676 2303 746 2384 ipse
773 2301 872 2364 miser
897 2302 1119 2366 concumbens
1146 2321 1221 2366 curn
1248 2321 1288 2364 ea
1317 2321 1382 2364 non
1410 2299 1517 2384 potuit
1544 2319 1742 2382 cognoscere
1767 2319 1841 2364 eam

489 2422 671 2486 carnaliter.

577 2552 618 2620 [p.
634 2551 690 2618 ὑφ]
715 2541 801 2606 lllud
822 2543 978 2626 scriptum
994 2539 1123 2628 (contra
1144 2539 1333 2627 luxuriam),
1348 2563 1392 2606 ex
1412 2560 1510 2604 manu
1532 2562 1591 2604 sua
1612 2541 1752 2624 propria,
1767 2562 1841 2623 ego,

491 2661 639 2727 Thomas
663 2661 859 2747 Gascoigne,
881 2664 949 2727 vidi
971 2663 1124 2738 Oxoniae‚
1144 2685 1232 2728 anno
1256 2663 1424 2744 X²⁰1455,
1447 2673 1481 2726 et
1505 2674 1554 2726 est
1578 2663 1663 2726 inter
1686 2662 1840 2737 Minores,

490 2786 523 2848 in
547 2784 631 2848 libro
654 2785 837 2866 registrat0,
861 2783 1157 2849 Ev⁰·.Linc01n.1.
1205 2785 1250 2849 Et
1273 2787 1427 2849 dominus
1451 2785 1689 2848 Lincolniensis
1713 2783 1841 2865 scripsit

489 2905 570 2969 illud
594 2906 751 2988 scriptum
773 2915 888 2970 contra
910 2905 1077 2970 luxuriam
1098 2927 1197 2970 manu
1221 2928 1279 2970 sua
1303 2906 1434 2988 propria
1457 2906 1490 2968 in
1509 2906 1592 2968 libro
1615 2915 1691 2988 post
1714 2905 1840 2968 dictum

488 3027 661 3091 dominum
688 3026 955 3091 Lincolniensem
982 3028 1077 3110 xxiij,
1106 3037 1140 3092 et
1164 3038 1277 3092 tamen
1298 3027 1384 3095 ¹illud
1416 3027 1573 3110 scriptum
1603 3025 1729 3089 domini
1761 3026 1840 3088 Lin-

487 3147 663 3212 colniensis
689 3168 765 3211 cum
792 3167 891 3210 manu
918 3169 977 3212 sua
1001 3149 1131 3231 propria
1158 3159 1272 3213 contra
1294 3147 1459 3212 luxuriam
1483 3168 1549 3211 non
1572 3158 1623 3210 est
1646 3148 1680 3210 in
1703 3167 1841 3211 numero

488 3269 651 3334 dictomm
681 3289 824 3348 suorum,
855 3269 914 3333 sed
945 3279 996 3333 est
1032 3291 1116 3352 opus
1154 3291 1213 3352 per
1245 3291 1281 3333 se
1318 3269 1520 3344 distinctum,
1551 3265 1709 3350 scriptum
1740 3283 1839 3332 mauu

486 3389 620 3471 propria
646 3387 770 3452 domini
799 3388 1040 3454 Lincolniensis
1066 3399 1180 3454 contra
1207 3388 1394 3468 luxuriam3
1424 3399 1458 3454 et
1485 3388 1565 3452 illud
1595 3389 1752 3471 scriptum
1780 3389 1840 3452 dod

489 3510 569 3572 mini
589 3507 837 3588 Lincolniensis,
860 3510 1004 3574 doctoris
1026 3510 1164 3575 Roberti
1182 3509 1361 3585 Grosteste‚
1379 3520 1429 3574 est
1452 3509 1537 3573 inter
1558 3508 1674 3574 iratres
1697 3509 1840 3574 minores

488 3631 642 3708 Oxoniae,
659 3632 692 3694 in
715 3630 778 3696 hoc
800 3632 948 3715 registr0,
966 3632 1048 3694 ΕΜ.
1066 3631 1216 3695 Lincoln.
1237 3629 1264 3706 1,
1281 3631 1416 3703 scilicet,
1432 3629 1512 3694 solio
1534 3630 1690 3694 vicesimo
1710 3630 1838 3713 quinto,

486 3762 524 3818 ut
550 3753 617 3817 vidi
644 3774 732 3818 anno
752 3753 811 3818 Xti
832 3766 922 3836 1455,
945 3763 1021 3836 post
1048 3762 1189 3817 mortem
1212 3745 1365 3816 Nicholai
1388 3773 1493 3835 papae,
1513 3752 1546 3814 in
1570 3751 1663 3834 cujus
1688 3761 1839 3834 ternpore

486 3874 547 3940 suit
581 3896 687 3939 annus
721 3875 874 3958 jubileus,
906 3884 940 3938 et
976 3875 1269 3957 quinquagesimus
1308 3874 1435 3950 Rornae,
1467 3873 1600 3953 scilicet,
1633 3893 1740 3937 annus
1777 3871 1838 3936 Xti

489 4007 581 4076 1455,
605 4006 639 4060 et
661 3995 871 4078 indulgencia
893 3995 980 4059 illius
1002 3996 1079 4058 anni
1103 4015 1258 4060 concessa
1280 3995 1489 4059 visitantibus
1512 4004 1584 4059 tum
1609 3995 1753 4058 Romam
1776 3993 1838 4059 luit

485 4133 640 4181 concessa
663 4116 883 4180 existentibus
906 4117 938 4180 in
965 4115 1101 4200 Anglia,
1126 4125 1162 4182 ut
1185 4118 1367 4182 existentes
1390 4117 1423 4181 in
1446 4116 1580 4200 Anglia‚
1599 4115 1738 4180 confessi
1761 4135 1837 4180 cum

486 4236 600 4303 debita
629 4237 852 4303 satisfactione
879 4259 990 4304 coram
1017 4239 1098 4318 Deo,
1126 4240 1266 4303 eandem
1296 4237 1538 4320 indulgentiam
1567 4235 1729 4302 haberent
1759 4238 1836 4302 anni
