4338 4936
733 393 833 452 socr
858 395 888 450 E
916 395 1040 451 trano
1075 397 1226 452 veniri-1
1235 397 1334 453 TUM.
1669 389 1711 473 75

355 629 457 693 quam
480 609 651 693 proposuit
674 629 783 673 coram
806 607 898 692 Papa
918 609 1115 674 Innocencio
1140 611 1427 688 et'cardinalibus,
1450 611 1597 676 ostendit
1619 607 1710 693 quod

357 752 431 795 curn
458 730 545 795 sacta
568 740 618 794 est
642 729 717 794 talis
740 730 950 794 ecclesiarum
974 715 1211 813 appropri'acio,
1235 732 1324 796 facta
1348 741 1398 796 est
1425 733 1458 795 in
1483 731 1620 796 ecclesia
1644 730 1709 794 Dei

355 851 504 915 omnium
534 850 696 914 malorum
726 851 947 933 perpetuaci0,
977 861 1011 915 et
1044 852 1184 916 eandem
1219 852 1462 916 conclusionem
1499 852 1645 916 ostendit
1675 853 1709 914 in

356 971 518 1036 Sermone
537 992 597 1034 suo
621 971 752 1054 egregio
774 972 818 1035 de
840 991 918 1035 cura
941 972 1105 1054 pastorali,
1128 973 1184 1055 qui
1206 973 1328 1055 incipit,
1346 973 1462 1036 ‘Natis
1485 981 1519 1037 et
1542 967 1710 1036 educatis'

355 1092 423 1175 Qui
446 1093 533 1156 enim
554 1092 650 1155 altari
667 1092 726 1155 Xti
748 1091 901 1168 serviunt,
918 1093 960 1155 de
974 1091 1095 1156 oblatis
1111 1093 1182 1157 Xto
1197 1093 1329 1170 vivant3
1353 1113 1418 1156 non
1438 1094 1518 1157 dicit
1538 1091 1709 1175 apostolus

355 1214 399 1276 de
413 1212 532 1277 oblatis
547 1211 642 1277 altari
657 1211 782 1276 deliciis
798 1211 985 1276 nutriantur
999 1214 1196 1295 pompatice,
1209 1224 1243 1278 et
1259 1233 1350 1278 more
1365 1214 1518 1296 gencium
1534 1213 1709 1296 stipentur,

357 1343 390 1397 et
412 1342 577 1411 ornentur,
593 1352 654 1396 nec
676 1333 766 1415 quod
789 1331 912 1395 fercula
936 1332 1204 1415 multiplicentur,
1222 1355 1315 1398 more
1330 1333 1514 1416 gentilium.
1559 1330 1710 1407 ‘Vidua'

356 1453 462 1535 inquit
472 1453 664 1535 Apostolus,
681 1454 731 1516 ‘in
744 1452 868 1516 deliciis
882 1452 1003 1530 vivens,
1016 1464 1146 1517 mortua
1162 1452 1229 1532 est,’
1245 1455 1264 1518 i.
1275 1476 1302 1518 e.
1318 1463 1471 1536 separata
1482 1475 1503 1518 a
1513 1453 1577 1518 Dei
1590 1455 1708 1536 gracia,

355 1594 435 1655 ergo
451 1573 557 1636 multo
572 1573 678 1654 magis
698 1572 796 1637 altior
816 1571 975 1655 professio
996 1573 1029 1636 in
1049 1573 1174 1638 deliciis
1197 1573 1370 1656 prohibitis
1389 1575 1510 1638 vivens
1556 1572 1588 1638 Ο
1607 1594 1708 1656 quam

354 1703 470 1758 sancta
497 1714 548 1757 res
576 1702 673 1770 esset,
696 1693 723 1756 si
753 1713 831 1757 cura
860 1693 1044 1756 animarum
1075 1694 1188 1758 debita
1218 1705 1306 1759 esset
1334 1693 1542 1759 solicitudine
1568 1694 1709 1777 provisa,

355 1824 393 1879 ut
409 1825 518 1878 essent
533 1824 681 1898 pastores
695 1813 871 1897 vigilantes
887 1823 921 1878 et
935 1815 1161 1878 custodientes
1174 1835 1310 1898 gregem
1326 1836 1431 1893 suum,
1447 1824 1481 1879 et
1497 1835 1556 1898 per
1570 1815 1708 1878 modum

356 1945 525 2018 perpetuae
550 1934 738 1999 elemosina
764 1935 886 1999 sanctis
913 1943 947 1998 et
973 1935 1103 1999 devotis
1130 1935 1290 2018 religiosis
1319 1936 1494 2019 pensiones
1520 1955 1638 2000 annuae
1664 1935 1710 1999 de

355 2056 484 2138 magnis
501 2055 645 2120 ecclesiis
660 2065 694 2119 et
709 2055 823 2119 officiis
845 2054 963 2118 solutae
985 2065 1095 2120 essent
1118 2057 1297 2134 annuatim,
1312 2077 1355 2120 ne
1374 2055 1475 2119 nimia
1490 2064 1524 2120 et
1541 2056 1710 2119 mundana

355 2177 573 2259 occupatione
600 2177 643 2240 ab
669 2176 809 2240 actubus
835 2177 1058 2260 spiritualibus
1088 2176 1238 2242 scienciae
1263 2187 1298 2242 et
1322 2178 1481 2240 virtutum
1513 2177 1545 2239 in
1575 2184 1709 2239 tautum

355 2296 588 2379 elongarentur
608 2307 644 2362 ut
659 2296 808 2361 moderni
828 2297 925 2361 sunt!
970 2297 1113 2362 Sanetus
1133 2298 1222 2362 enim
1242 2308 1345 2381 pater,
1362 2307 1397 2362 et
1417 2297 1535 2361 doctor
1548 2295 1708 2379 egregius,

353 2415 571 2499 Augustinus,
594 2417 791 2501 ipponensis
814 2417 996 2500 episcopus,
1020 2419 1131 2500 potius
1156 2418 1284 2501 optavit
1306 2439 1342 2482 se
1366 2426 1400 2481 et
1424 2437 1501 2481 suos
1526 2415 1709 2481 confratres

354 2537 464 2602 vivere
486 2539 529 2602 de
553 2537 699 2621 pecuniis
721 2538 751 2602 ei
774 2539 902 2612 oblatis,
929 2559 1030 2621 quam
1053 2539 1096 2603 de
1123 2539 1317 2613 redditibus,
1339 2537 1434 2612 villis,
1458 2546 1492 2601 et
1514 2535 1610 2620 agris,
1631 2556 1709 2618 quae

355 2679 511 2742 magnam
538 2669 573 2724 et
596 2659 760 2724 diversam
786 2659 926 2741 exigunt
952 2658 1204 2737 solicitudinem,
1228 2669 1263 2723 et
1290 2657 1550 2740 implicacionem
1573 2656 1706 2740 spiritus

354 2800 376 2843 a
403 2781 547 2863 puritate
575 2779 812 2862 speculacionis
833 2787 868 2844 et
891 2800 978 2843 verae
1001 2779 1198 2855 affeccionis,
1219 2800 1276 2844 seu
1301 2778 1498 2855 dileccionis,
1526 2787 1561 2842 et
1580 2777 1656 2841 ideo
1678 2776 1708 2844 si

355 2901 516 2982 potuisset
538 2900 585 2963 sic
607 2899 737 2974 habere,
760 2900 938 2983 optabilius
962 2900 1009 2964 sic
1030 2899 1140 2964 vivere
1162 2898 1267 2964 voluit
1289 2899 1408 2964 beatus
1430 2898 1646 2982 Augustinus,
1669 2905 1708 2960 ut

354 3029 497 3085 testatur
524 3020 691 3084 Possidius
719 3019 926 3085 Calamensis
951 3019 1124 3104 episcopus
1154 3019 1187 3084 in
1213 3019 1282 3084 vita
1305 3039 1406 3102 quam
1436 3019 1565 3101 scripsit
1590 3015 1708 3084 Sancti

353 3140 543 3224 Augustini,
560 3141 616 3223 qui
636 3141 697 3205 fuit
712 3141 890 3224 discipulus
908 3140 1056 3223 ejusdem
1073 3140 1188 3206 Sancti
1204 3139 1384 3223 Augustini
1404 3139 1471 3203 sere
1491 3159 1551 3222 per
1564 3137 1708 3220 quadra*

354 3261 448 3343 ginta
473 3282 588 3326 annos.
644 3261 676 3326 O
705 3269 783 3327 vosl
814 3263 872 3345 qui
899 3262 1009 3326 vivitis
1033 3263 1076 3326 de
1105 3261 1200 3325 bonis
1232 3260 1443 3326 ecclesiarum
1470 3257 1706 3342 parochialium

354 3383 448 3445 vobis
472 3383 699 3466 appropriatis,
722 3383 831 3448 videte
855 3404 898 3448 an
924 3403 1002 3447 cura
1026 3383 1210 3447 animarum
1237 3381 1366 3446 illarum
1396 3379 1519 3444 habeat
1550 3377 1708 3460 requisita

354 3523 450 3582 curae,
476 3513 510 3566 et
533 3502 631 3567 saluti
657 3504 850 3582 animarum,
873 3505 1085 3568 attendentes
1109 3501 1210 3566 verba
1238 3500 1459 3566 Ecclesiastici
1483 3499 1554 3581 iiij0,
1579 3497 1706 3562 ‘Male-

354 3623 494 3688 dicentis
521 3623 581 3688 tibi
606 3625 803 3690 exaudietur
822 3625 990 3708 precatio;
1012 3624 1169 3688 exaudiet
1185 3622 1277 3686 illum
1300 3621 1356 3705 qui
1379 3621 1456 3684 fecit
1479 3617 1592 3682 illum?
1636 3617 1706 3683 Sed

355 3744 440 3808 sorte
469 3743 562 3821 dicis,
589 3745 700 3809 ‘Male
728 3745 828 3810 michi
862 3744 1039 3823 maledicit,
1069 3753 1104 3807 et
1133 3744 1209 3808 ideo
1239 3743 1333 3808 Deus
1363 3741 1471 3824 justus
1501 3741 1609 3823 ipsum
1639 3759 1706 3803 non

353 3862 532 3930 exaudiet!
577 3865 707 3930 Revera
730 3867 868 3930 miseriae
891 3887 967 3943 suae‚
990 3875 1023 3929 et
1049 3874 1188 3947 peccata
1209 3883 1277 3942 sua,
1300 3873 1334 3926 et
1356 3861 1503 3925 delectus
1526 3880 1612 3924 curae
1634 3857 1707 3941 ejus

354 3987 555 4065 necessaria,
583 3995 617 4050 et
646 3986 794 4051 desectus
823 3997 901 4051 tuus
930 4007 989 4070 per
1017 4006 1117 4069 quem
1143 3986 1232 4049 bona
1261 4005 1347 4049 curae
1377 3993 1411 4047 et
1439 3981 1546 4046 bonus
1574 3989 1706 4045 curatus

354 4107 573 4186 retrahuntur,
599 4107 689 4190 juste
722 4118 840 4190 petunt
873 4118 907 4172 et
940 4108 1082 4190 exigunt
1114 4127 1135 4170 a
1166 4107 1241 4170 Deo
1273 4124 1408 4188 poenam
1442 4113 1600 4166 aetemam
1634 4099 1704 4174 tibi,

353 4229 410 4312 qui
446 4249 544 4294 causa
581 4250 616 4294 es
653 4228 778 4306 talium,
813 4238 850 4294 ut
888 4229 1032 4294 ostendit
1071 4229 1185 4292 doctor
1222 4225 1434 4306 auctenticus,
1466 4233 1499 4290 ct
1533 4221 1708 4288 cardinalis

1002 4347 1058 4394 La
