4308 4938
487 389 527 460 92
859 381 958 438 LOCI
984 381 1014 436 E
1042 380 1166 436 LIBRO
1201 379 1459 436 VERITATUM.

487 593 600 660 chielis
630 603 683 682 13⁰
709 603 784 673 ca⁰.,
806 596 960 662 ‘Violant
980 599 1051 662 'me
1087 597 1130 660 ad
1168 595 1327 679 populum
1358 615 1469 660 meum
1502 604 1638 678 propter
1674 591 1835 677 pugillum

486 717 587 796 ordei,
611 717 631 780 i.
646 738 673 784 e.
695 737 755 801 pro
779 717 883 797 donis,
904 727 942 783 ut
963 717 1173 796 vivificarent,
1194 737 1239 781 sc·
1253 716 1335 781 salse
1356 715 1505 790 dicendo,
1527 715 1655 780 animas
1675 734 1750 798 quae
1769 733 1836 778 non

485 837 609 914 vivunt,
635 839 837 903 mencientes
866 838 991 922 populo
1017 857 1093 902 meo
1123 837 1269 902 credenti
1300 835 1499 910 mendaciis,'
1525 835 1545 898 i.
1561 857 1590 900 e.
1615 835 1705 900 salsis
1727 833 1836 898 verbis

485 955 627 1023 violatus
653 959 746 1023 Deus
772 969 868 1036 esset,
897 969 931 1024 et
955 958 1097 1023 violatus
1127 958 1290 1023 diceretur
1318 959 1346 1022 si
1371 957 1577 1040 voluptatem
1603 955 1730 1039 peccati
1761 954 1835 1020 dili·

472 1087 579 1160 geret
601 1079 682 1143 etsi
705 1097 763 1162 per
782 1079 863 1144 talia
884 1097 984 1162 opera
999 1079 1129 1143 veniam
1151 1099 1244 1142 suam
1260 1087 1294 1142 et
1311 1077 1456 1161 graciam
1478 1075 1647 1142 conferret.
1675 1074 1836 1140 ‘Pecunia

486 1194 562 1276 tua,’
582 1197 688 1281 inquit
708 1197 849 1264 Sanctus
865 1199 989 1275 Petrus,
1007 1202 1138 1264 ‘tecum
1162 1200 1204 1263 sit
1228 1198 1262 1262 in
1283 1198 1514 1282 perdicionem,
1531 1197 1610 1281 quia
1629 1195 1754 1262 donum
1770 1193 1835 1260 Dei

486 1317 684 1384 existimasti
707 1321 845 1403 pecunia
870 1319 1029 1402 possideri
1044 1317 1063 1398 ς’
1089 1317 1239 1384 Actuum
1261 1316 1305 1382 8⁰.
1351 1319 1515 1384 Converte
1539 1339 1618 1402 ergo
1640 1337 1701 1382 nos
1722 1317 1766 1382 ad
1789 1324 1834 1389 te.

486 1436 518 1502 Ο
535 1437 628 1503 Deus
642 1439 794 1504 salutaris
809 1440 938 1504 noster!
959 1449 994 1504 et
1008 1439 1092 1505 sicut
1106 1439 1203 1504 fuerit
1217 1438 1369 1504 voluntas
1385 1439 1418 1502 in
1434 1437 1519 1503 coelo
1535 1439 1581 1504 sic
1596 1437 1665 1502 fiat.
1689 1435 1813 1504 Amen.

572 1557 761 1642 Septimum
791 1559 913 1624 flumen
944 1559 1146 1625 Babilonicae
1181 1559 1380 1625 confusionis
1415 1557 1510 1642 plura
1544 1578 1645 1642 opera
1677 1557 1767 1622 bona
1801 1566 1835 1624 et

483 1675 613 1742 animas
644 1671 817 1744 destruens
852 1690 886 1744 et
921 1679 1009 1744 mala
1043 1699 1182 1745 causans
1214 1689 1266 1744 est
1300 1679 1423 1768 abusus
1456 1677 1743 1762 dispensacionum
1777 1697 1834 1742 seu

483 1797 693 1863 licenciarum
715 1799 885 1883 papalium
906 1809 940 1864 et
960 1799 1099 1864 aliorum
1121 1798 1350 1884 episcoporum
1373 1810 1407 1866 et
1429 1799 1688 1883 praesidencium.
1732 1797 1835 1864 Teste

484 1917 573 1982 enim
592 1919 743 2002 apostoli,
760 1927 794 1985 2⁸
812 1920 856 1984 ad
873 1919 1069 1985 Corintheos
1084 1919 1212 1998 ultimo,
1227 1921 1364 2003 loquens
1380 1921 1422 1984 de
1440 1919 1608 2003 apostolis,
1627 1917 1723 1984 ‘Non
1745 1917 1833 1984 enim

484 2058 660 2120 possumus
689 2038 813 2123 aliquid
843 2037 1002 2104 adversus
1030 2039 1214 2117 veritatem,
1245 2042 1304 2104 sed
1334 2061 1395 2123 pro
1424 2039 1574 2105 veritate.
1628 2039 1833 2105 Potestatem

483 2158 572 2222 enim
596 2159 694 2224 michi
718 2160 811 2225 dedit
834 2161 999 2224 Dominus
1024 2161 1057 2224 in
1080 2161 1337 2225 {edificacionem
1364 2170 1398 2226 et
1424 2181 1489 2224 non
1516 2161 1550 2224 in
1572 2159 1833 2224 destruccionem

483 2278 647 2343 vestram?
692 2279 769 2345 Hoc
792 2280 836 2344 ibi
854 2279 1026 2362 apostolus
1043 2288 1076 2345 2·
1090 2280 1133 2344 ad
1151 2279 1348 2345 Corintheos
1370 2287 1424 2365 13⁰
1444 2286 1506 2346 ca0.
1551 2277 1705 2358 ‘Nichil,'
1720 2279 1833 2362 inquit,

485 2405 679 2481 ‘possumus
703 2409 817 2464 contra
838 2399 1032 2478 veritatem:
1059 2421 1103 2464 sc.
1130 2419 1191 2465 nec
1221 2401 1307 2479 vitae,
1331 2421 1392 2466 nec
1418 2410 1533 2467 contra
1558 2400 1731 2464 veritatem
1755 2399 1833 2464 doc·

483 2517 586 2598 trinae,
603 2539 663 2584 nec
682 2518 833 2602 justiciae,
848 2530 885 2584 ut
906 2521 1051 2586 declarat
1072 2521 1203 2604 egregie
1224 2522 1352 2587 Doctor
1371 2521 1553 2586 Nicholaus
1574 2519 1713 2586 Gorram
1736 2537 1834 2603 super

484 2638 672 2721 Epistolam
696 2639 885 2706 Secundam
908 2643 951 2705 ad
967 2640 1194 2720 ¹Corintheos;
1220 2651 1258 2706 'et
1284 2642 1359 2706 ideo
1381 2641 1460 2706 dicit
1483 2652 1616 2706 sanctus
1638 2641 1729 2724 Papa
1752 2639 1833 2705 Gre-

483 2760 594 2842 gorius
619 2781 718 2843 super
741 2761 970 2827 Ezechielem:
1000 2762 1137 2827 ‘Pocius
1160 2763 1283 2826 oriatur
1308 2761 1511 2840 scandalum,
1533 2782 1578 2826 sc.
1601 2761 1728 2828 occasio
1754 2759 1832 2824 mali

483 2879 583 2944 fiendi
609 2900 669 2963 per
693 2881 775 2946 alios
802 2903 903 2965 quam
928 2883 1048 2948 veritas
1074 2881 1284 2965 relinquatur,
1308 2903 1353 2948 sc.
1381 2880 1565 2948 necessaria
1591 2891 1626 2948 et
1651 2881 1832 2964 expediens

482 3001 604 3066 veritas
626 3002 669 3064 ad
692 3001 833 3067 salutent
856 3001 1058 3080 animarum,’
1078 3013 1115 3068 ut
1137 3012 1279 3068 testatur
1299 3003 1432 3082 ibidem,
1452 3023 1625 3086 exponens
1647 3001 1711 3068 ista
1733 3001 1833 3070 verba

484 3121 629 3198 Domini,
658 3120 785 3187 Mathei
816 3141 827 3182 ι
834 3129 889 3206 5⁰:
924 3122 1050 3189 ‘Sinite
1075 3123 1157 3202 illos,
1180 3144 1224 3188 sc.
1248 3122 1430 3199 Phariseos,
1455 3121 1678 3198 scandalizari,
1704 3121 1725 3187 i.
1735 3143 1763 3188 e.
1788 3119 1832 3186 ad

483 3241 608 3305 malum
630 3243 752 3307 moveri
776 3245 959 3320 occasione,
983 3264 1084 3328 quam
1112 3243 1199 3308 male
1222 3243 1387 3326 accipiunt
1414 3264 1458 3308 ex
1481 3243 1589 3308 verbis
1613 3243 1696 3308 meis
1718 3239 1833 3307 bonis?

484 3361 601 3428 Pocius
630 3363 718 3428 enim
744 3364 904 3429 debemus
933 3363 1124 3448 permittere
1154 3363 1244 3429 mala
1271 3363 1349 3442 fieri,
1374 3383 1449 3447 quae
1475 3364 1634 3446 impedire
1664 3383 1730 3428 nou
1756 3383 1832 3446 pos·

483 3503 605 3562 sumus,
630 3505 731 3567 quam
758 3485 893 3550 abono
922 3505 1057 3562 cessare,
1084 3485 1128 3549 ad
1155 3485 1245 3569 quod
1271 3493 1432 3550 tenemur.
1480 3485 1553 3550 Nec
1583 3483 1831 3550 concedendum

482 3613 533 3668 est
558 3603 684 3668 bonum
707 3625 773 3669 non
796 3605 1015 3669 necessarium
1038 3605 1116 3679 fieri,
1140 3605 1228 3669 unde
1251 3605 1316 3669 alia
1337 3605 1426 3670 bona
1451 3615 1486 3670 et
1511 3604 1596 3670 sorte
1622 3601 1746 3687 majora
1771 3621 1831 3686 pro

482 3723 540 3788 illo
570 3724 658 3788 bono
687 3723 797 3789 fiendo
823 3724 1045 3790 destruuntur.
1090 3725 1283 3790 ‘Faciamus
1309 3725 1398 3790 mala
1424 3734 1461 3789 ut
1486 3725 1680 3790 habundent
1706 3721 1833 3788 bonai’

482 3843 619 3923 ‘Absit’
635 3845 740 3928 inquit
760 3845 939 3930 apostolus.
984 3847 1064 3911 Non
1084 3857 1134 3910 est
1156 3867 1234 3930 ergo
1252 3847 1377 3911 bonum
1398 3845 1563 3912 absentari
1579 3866 1599 3910 a
1614 3865 1692 3910 cura
1706 3845 1831 3908 anima·

482 3985 563 4046 rurn,
587 3987 647 4032 nec
677 3967 831 4032 ecclesias
861 3977 895 4033 et
927 3987 1038 4031 curam
1068 3967 1253 4032 animarum
1282 3968 1406 4033 destrui
1437 3987 1496 4050 per
1524 3965 1830 4050 appropriacionem

482 4085 535 4150 vel
558 4085 781 4169 pluralitatem
802 4109 862 4172 pro
883 4086 1027 4153 minimis
1046 4089 1142 4152 bonis
1163 4088 1289 4152 fiendis.
1335 4087 1432 4152 Plura
1453 4089 1540 4154 enim
1564 4085 1663 4152 licent
1683 4086 1716 4149 in
1740 4093 1831 4150 certo

481 4215 641 4290 tempore,
660 4229 734 4291 quae
750 4230 816 4275 non
832 4231 962 4294 semper
983 4209 1083 4276 licent
1104 4229 1163 4276 nec
1180 4209 1384 4292 expediunt3
1407 4217 1441 4274 et
1464 4208 1540 4274 ideo
1558 4207 1638 4274 dicit
1653 4204 1831 4292 apostolus,
