4308 4938
687 395 785 452 LOCI
811 395 840 449 E
868 393 993 448 LIBRO
1029 392 1286 452 VERITATUM.
1414 417 1418 430 ι
1620 404 1662 472 93

313 607 419 692 prima
438 611 481 675 ad
502 609 699 676 Corintheos
719 608 764 688 8⁰,
779 616 790 648 ‘
800 611 922 688 Videte
942 631 984 674 ne
1005 610 1091 674 sorte
1105 610 1176 675 haec
1197 609 1334 674 licencia
1351 621 1469 691 vestra,
1488 631 1533 676 sc.
1554 632 1664 677 come·

313 729 414 794 dendi
438 751 561 810 carnes,
581 731 817 797 offendiculum
840 731 899 796 fiat
919 729 1073 810 infirmis,'
1094 730 1114 794 i.
1125 751 1152 795 e.
1171 730 1283 795 videte
1304 751 1345 795 ne
1368 731 1503 811 licencia¹
1523 731 1566 796 sit
1588 729 1665 796 talis

314 851 402 915 unde
428 851 483 915 alii
509 852 725 932 offendantur,
749 853 768 918 i.
779 873 807 918 e.
828 852 872 916 ad
895 860 1068 935 peccatum
1093 860 1306 930 moveantur;
1337 859 1371 916 et
1391 851 1503 916 videte
1526 871 1568 916 nc
1592 851 1665 916 haec

313 969 450 1036 licencia
472 973 514 1036 sit
535 993 634 1038 causa
655 973 708 1038 vel
729 972 859 1038 occasio
881 974 970 1036 unde
992 970 1080 1034 mala
1102 982 1136 1035 et
1158 982 1294 1054 peccata
1318 971 1473 1050 oriantur,
1496 972 1549 1036 vel
1575 973 1665 1038 unde

314 1091 404 1155 bona
422 1091 587 1172 deficiant,
603 1115 660 1158 seu
681 1091 902 1158 destruantur.
947 1092 1035 1156 Novi
1057 1092 1145 1156 enim
1166 1111 1321 1175 magnam
1343 1113 1455 1158 curam
1476 1093 1509 1156 in
1530 1091 1667 1158 ecclesia

315 1211 493 1296 parochiali
531 1214 665 1290 destrui,
700 1213 865 1297 eoquod
901 1211 1113 1297 appropriata
1150 1223 1202 1278 est
1242 1233 1317 1276 unae
1353 1233 1483 1296 magnae
1520 1211 1667 1278 ecclesiae

316 1333 506 1412 cathedrali,
536 1355 612 1416 quae
645 1355 706 1418 pro
735 1333 794 1397 illa
822 1333 1096 1417 appropriacione
1125 1353 1191 1415 qua
1222 1353 1289 1397 non
1319 1333 1470 1416 indigent
1499 1333 1603 1398 semel
1633 1335 1667 1396 iri

315 1473 405 1517 anno
426 1453 535 1518 dicere
557 1463 689 1519 tenetur
709 1454 869 1537 exequias
895 1473 955 1537 pro
978 1453 1091 1517 anima
1116 1453 1220 1531 unius,
1243 1453 1321 1536 quia
1346 1473 1440 1518 curas
1466 1453 1575 1537 plures
1596 1454 1667 1518 ani·

317 1593 445 1637 marum
475 1575 648 1654 destruxit,
678 1584 713 1639 et
741 1574 810 1639 fere
839 1575 929 1638 omni
959 1574 1014 1638 die
1045 1594 1105 1656 per
1138 1573 1250 1657 plures
1279 1594 1384 1638 annos
1416 1584 1493 1640 ante
1526 1583 1668 1639 mortem

317 1714 412 1758 suam
432 1694 539 1758 ebrius
554 1694 626 1758 suit.
669 1693 799 1759 ‘Liberi
815 1693 893 1760 facti
914 1694 995 1758 estis
1009 1690 1166 1777 peccato,’
1182 1693 1291 1777 inquit
1305 1693 1484 1777 apostolus,
1499 1695 1550 1760 ie.
1566 1695 1669 1760 libere

317 1824 352 1879 et
381 1814 452 1878 sine
481 1814 719 1898 impedimento
749 1815 894 1898 peccatis
923 1824 957 1879 et
983 1814 1026 1878 ad
1053 1815 1329 1897 dampnacionem
1359 1816 1496 1894 curritis,
1520 1815 1669 1880 dicentes

318 1934 408 2015 salse,
432 1933 529 1999 ‘Non
550 1955 725 2018 peccamus
748 1937 827 2018 quia
849 1935 1021 2000 licenciam
1045 1935 1089 1999 ab
1112 1932 1247 1998 homine
1269 1935 1312 1998 ad
1335 1935 1460 2000 malum
1482 1935 1669 2002 faciendum

318 2053 497 2120 habemus!
542 2055 702 2140 Magnam
722 2056 811 2120 enim
831 2064 1033 2140 potestatem
1053 2056 1147 2120 dedit
1167 2055 1331 2119 Dominus
1351 2056 1472 2120 vicario
1492 2077 1552 2120 suo
1572 2077 1669 2139 papae

319 2176 475 2256 ecclesiae,
505 2185 542 2241 ut
575 2197 696 2260 magna
726 2175 814 2240 mala
847 2175 1049 2252 reformaret,
1077 2195 1233 2260 magnam
1260 2177 1349 2258 quod
1380 2172 1500 2242 iaceret
1529 2177 1670 2242 aedifica·

320 2297 448 2362 cionem
468 2297 630 2362 bonorum
651 2305 795 2373 actuum,
811 2298 874 2360 sibi
889 2297 1003 2361 dicens
1022 2297 1131 2376 verba,
1147 2317 1222 2380 quae
1242 2295 1330 2360 dixit
1350 2297 1523 2380 Jeremiae:
1553 2299 1670 2362 ‘Posui

320 2415 373 2496 te,’
385 2417 491 2500 inquit
504 2417 678 2494 Dominus,
691 2421 745 2482 ‘ut
761 2417 891 2496 evellas,
903 2418 1062 2496 destruas,
1076 2427 1109 2481 et
1120 2417 1300 2500 disperdas,
1313 2427 1346 2480 et
1358 2419 1506 2501 dissipeS,
1518 2419 1671 2498 aedificcs,

321 2547 355 2602 et
375 2538 700 2622 plantes,’-evellas,
718 2537 738 2602 i.
748 2559 776 2604 e.
794 2537 946 2602 docendo
971 2549 1004 2602 et
1027 2538 1220 2620 corrigendo
1240 2537 1360 2602 evellas
1383 2559 1505 2622 magna
1528 2549 1562 2604 et
1585 2541 1671 2604 radi·

321 2667 396 2722 cata
428 2668 462 2723 et
492 2669 649 2723 consueta
682 2668 835 2741 peccata,
860 2658 961 2740 longo
994 2679 1054 2721 usu
1088 2659 1298 2736 continuata;
1335 2658 1485 2722 destruas
1515 2680 1608 2740 nova,
1638 2669 1672 2724 et
1718 2655 1719 2658 '

322 2779 449 2843 minora
464 2778 570 2856 mala3
594 2778 725 2861 plantes
739 2779 885 2856 virtutes,
898 2778 1050 2842 docendo
1068 2788 1102 2841 et
1116 2779 1330 2857 ostendendo,
1342 2779 1479 2842 verbum
1495 2779 1559 2844 Dei
1574 2779 1673 2844 semi·

322 2899 452 2978 nando;
482 2898 625 2963 aedifices
654 2898 711 2962 illa
735 2899 825 2963 bona
850 2899 1026 2962 nutriendo
1057 2907 1091 2962 et
1116 2897 1316 2982 perficiendo
1349 2899 1514 2982 exemplo,
1537 2901 1673 2979 auxilio,

323 3029 357 3084 et
372 3039 461 3102 saepe
475 3020 611 3082 verbum
627 3020 691 3083 Dei
708 3018 873 3084 mentibus
892 3019 1101 3084 audientium
1118 3019 1318 3102 ingerendo;
1342 3019 1434 3082 cibus
1450 3019 1537 3083 enirn
1554 3041 1673 3104 parvus

322 3137 581 3224 perceptibiliter
605 3159 723 3223 corpus
749 3159 815 3202 non
843 3139 954 3218 nutrit,
978 3159 1038 3203 nec
1064 3140 1202 3203 verbum
1228 3139 1313 3202 sorte
1338 3137 1482 3221 aliquem
1512 3141 1539 3203 si
1569 3143 1673 3206 semel

323 3259 513 3344 proferatur,
533 3260 591 3324 sed
614 3259 642 3324 si
664 3280 739 3324 cum
761 3260 929 3343 paciencia
950 3280 1040 3342 saepe
1062 3258 1253 3342 proseratur,
1271 3279 1312 3322 ne
1335 3259 1490 3323 oblivioni
1514 3263 1672 3325 tradatur.

325 3379 416 3445 Olim
443 3380 530 3444 enim
553 3380 586 3444 in
610 3391 760 3463 tempore
781 3380 885 3444 sancti
908 3379 1052 3444 doctoris
1073 3379 1255 3462 Augustini
1277 3399 1426 3444 recursus
1448 3400 1587 3462 magnus
1611 3381 1675 3445 fuit

326 3500 425 3584 Papae
449 3500 612 3576 Romano,
632 3502 676 3566 ad
699 3502 913 3604 quarendum
936 3503 1042 3565 abeo
1065 3511 1099 3566 et
1120 3523 1141 3565 a
1159 3501 1346 3566 scientificis
1369 3502 1398 3565 ei
1418 3502 1611 3580 astantibus,
1631 3524 1675 3568 an

326 3621 439 3687 liceret
459 3622 514 3698 sic,
535 3621 588 3686 vel
607 3623 807 3687 econtrario
830 3623 930 3688 modo
949 3621 1065 3686 iacere.
1112 3621 1229 3686 Pocius
1252 3622 1340 3687 enim
1360 3621 1423 3685 hoc
1444 3622 1635 3703 quaerebant
1655 3644 1676 3686 a

327 3745 418 3828 Papa
434 3765 476 3808 an
491 3745 615 3828 aliquid
632 3743 751 3825 liceret,
766 3764 867 3827 quam
883 3754 920 3808 ut
935 3743 1056 3821 liceret,
1073 3751 1110 3807 ut
1125 3752 1267 3810 testatur
1283 3741 1425 3807 Sanctus
1442 3741 1627 3806 Bernardus
1643 3743 1677 3805 in

328 3865 480 3948 Epistola
495 3866 538 3930 ad
555 3865 738 3930 Robcrtum
755 3864 1005 3930 Cluniacensem
1027 3863 1237 3928 monachum.
1284 3862 1442 3927 Sciebant
1463 3863 1551 3926 enim
1571 3862 1677 3928 sancti

328 3995 439 4068 patres
459 3987 549 4070 quod
571 3987 777 4072 dispensacio
797 4009 854 4052 scu
878 3986 1066 4052 licenciacio
1088 3985 1235 4050 humana
1256 4005 1322 4048 non
1344 3985 1491 4049 causavit
1510 3992 1622 4048 actum
1645 3984 1678 4047 in

328 4127 364 4171 se
387 4109 605 4180 essebonum
629 4129 689 4173 nec
713 4107 846 4172 malum.
892 4107 954 4173 Est
976 4108 1064 4172 enim
1091 4107 1197 4170 bonus
1218 4115 1311 4169 actus
1338 4125 1382 4168 ex
1409 4115 1525 4169 natura
1547 4105 1679 4188 propria

329 4238 423 4293 actus
450 4231 616 4294 tendentis
643 4231 676 4294 in
703 4229 870 4312 objectum
896 4250 992 4294 suum
1015 4229 1174 4304 debitum,
1198 4238 1232 4292 et
1258 4227 1345 4291 actui
1372 4226 1578 4303 conveniens,
1603 4245 1678 4290 cum
