4338 4936
492 421 510 468 2
862 409 962 465 LOCI
986 410 1017 464 E
1045 409 1170 466 LIBRO
1204 411 1465 466 VERITATUM.

492 625 648 710 parochia
683 635 720 691 ut
749 627 890 692 solveret
920 628 977 692 illo
1006 649 1094 694 anno
1123 628 1271 694 ecclesiae
1302 629 1483 694 cathedrali
1515 639 1644 693 certam
1669 648 1844 703 summam,

492 749 540 813 ita
576 749 665 831 quod
702 750 838 832 quidam
872 770 1034 832 pauperes
1071 749 1237 815 solverunt
1270 747 1323 813 xltl
1357 751 1465 814 eidem
1499 751 1662 814 sacerdoti
1699 749 1846 814 ecclesiae

493 869 674 935 cathedrali
710 870 894 949 solvendos,
926 881 960 935 et
994 871 1050 935 ille
1087 870 1261 953 injungens
1297 870 1414 935 habuit
1451 871 1542 934 illam
1576 870 1766 953 parochiam
1800 870 1844 933 ad

493 989 624 1054 firmam
653 1010 714 1073 pro
735 1012 766 1053 v.
791 1011 816 1056 s.
860 990 929 1056 Sed
956 990 1032 1057 talis
1056 991 1250 1074 penitencia,
1273 991 1466 1074 dependens
1496 1013 1541 1056 ex
1570 992 1705 1056 arbitrio
1735 990 1844 1054 solum

493 1110 683 1189 sacerdotis,
705 1121 817 1194 potest
839 1111 972 1177 refutari
995 1121 1081 1178 teste
1105 1114 1241 1178 doctore
1263 1111 1376 1177 subtili
1399 1133 1497 1196 super
1519 1121 1683 1195 quartum.

582 1240 621 1308 [p.
640 1239 693 1305 1⁶.]
728 1232 851 1298 Videte
865 1232 938 1298 haec
953 1243 987 1298 et
1002 1233 1184 1316 intelligite,
1200 1255 1222 1297 0
1237 1233 1458 1298 confessores!
1483 1243 1518 1298 et
1532 1254 1592 1296 vos
1607 1233 1722 1296 iratres
1738 1229 1846 1296 vocati

495 1352 618 1418 milites
647 1354 690 1417 de
715 1353 829 1433 Rodis,
853 1355 910 1437 qui
939 1353 1034 1438 plura
1063 1355 1152 1418 bona
1178 1355 1347 1437 recepistis
1376 1354 1420 1418 ad
1447 1364 1560 1419 sancte
1587 1353 1847 1436 dispensandum

496 1485 531 1540 et
559 1476 602 1539 ad
633 1485 747 1540 sancte
776 1475 997 1552 militandum,
1027 1497 1069 1540 ne
1099 1476 1220 1559 pagani
1253 1476 1413 1540 intrarent
1442 1485 1546 1541 terras
1576 1475 1785 1547 Xtianorum‚
1813 1480 1847 1534 et

492 1593 564 1679 jam
583 1595 758 1660 abutimini
780 1595 876 1660 bonis
899 1596 963 1660 illis
983 1596 1016 1660 in
1039 1596 1165 1661 deliciis
1188 1607 1418 1680 peccatorum:
1450 1597 1484 1660 in
1508 1597 1624 1660 diebus
1645 1596 1733 1659 enim
1757 1592 1848 1670 meis,

495 1717 617 1781 milites
643 1717 686 1781 de
713 1716 819 1781 Rodis
842 1718 1047 1783 vocabantur
1071 1718 1197 1797 fratres,
1221 1728 1254 1782 et
1280 1717 1343 1801 ipsi
1365 1718 1551 1800 equitantes
1577 1715 1754 1800 portabant
1781 1733 1847 1778 sar-

496 1838 587 1902 cinas
613 1859 689 1902 suas
714 1859 814 1922 super
839 1860 961 1922 equum
984 1859 1084 1922 super
1110 1859 1177 1922 quo
1204 1840 1398 1921 equitabant
1428 1840 1490 1922 ipsi
1520 1839 1637 1903 fratres
1663 1837 1792 1914 milites,
1815 1842 1849 1897 et

496 1979 597 2022 unam
630 1969 759 2042 partem
793 1959 957 2024 bonorum
991 1981 1126 2024 suorum
1161 1961 1334 2024 annuatim
1370 1960 1507 2024 domino
1542 1960 1701 2041 magistro
1734 1957 1849 2022 insulae

497 2079 613 2160 Rodae,
641 2090 675 2145 et
704 2081 805 2146 aliam
834 2089 965 2164 partem
988 2081 1151 2146 bonorum
1177 2082 1300 2146 sanctis
1331 2090 1365 2146 et
1391 2081 1591 2166 pauperibus
1617 2079 1789 2158 dederunt,
1815 2067 1850 2142 et

495 2202 632 2267 terciam
655 2212 785 2286 partem
807 2202 1028 2286 hospitalitati
1052 2224 1129 2267 suae.

584 2332 622 2400 [p.
640 2332 692 2398 aa]
731 2323 788 2389 Sic
817 2325 934 2390 doctor
958 2323 1108 2390 Thomas
1134 2323 1287 2403 Walden‚
1311 2324 1344 2387 in
1371 2345 1431 2388 suo
1457 2323 1641 2389 Doctrinali
1671 2321 1849 2404 antiquita-

496 2455 570 2509 tum
593 2444 748 2524 ecclesiae,
771 2445 938 2510 volumine
960 2446 1018 2529 iij⁰‚
1039 2453 1092 2510 ca⁰
1114 2446 1324 2529 sexagesimo
1350 2446 1410 2524 ix0,
1432 2455 1574 2510 testatur
1598 2445 1683 2510 bene
1706 2453 1739 2507 et
1762 2453 1851 2506 recte

497 2566 576 2648 quia
608 2565 721 2649 aliqua
754 2567 846 2631 Deus
875 2567 959 2651 ligat
987 2567 1066 2651 quia
1096 2566 1234 2631 ecclesia
1269 2588 1329 2630 sua
1361 2567 1452 2650 prius
1486 2567 1542 2630 illa
1578 2543 1759 2632 sentenciat
1792 2585 1850 2660 seu

496 2687 589 2769 ligat.
647 2687 724 2772 Ipse
761 2689 850 2752 enirn
882 2690 999 2754 doctor
1031 2687 1174 2752 Walden
1183 2687 1204 2767 ¹,
1239 2686 1440 2752 Oxoniensis
1475 2686 1661 2763 Cathedrae,
1693 2688 1725 2750 in
1759 2705 1851 2756 sacra

498 2808 668 2894 theologia
691 2809 822 2893 scripsit
845 2821 960 2876 contra
984 2809 1123 2898 Wyclyi
1143 2821 1178 2876 et
1203 2809 1279 2878 Hus
1304 2819 1338 2874 et
1364 2809 1565 2873 Ieronimum
1589 2810 1632 2873 de
1657 2808 1763 2889 Praga
1789 2808 1853 2876 tria

499 2929 675 3010 volumina,
693 2941 812 2996 vocata
835 2931 878 2996 ab
901 2933 973 3016 ipso
999 2931 1182 2997 doctrinale
1204 2931 1441 3014 antiquitatum
1469 2929 1623 3004 ecclesiae,
1647 2939 1681 2993 et
1707 2929 1852 3018 primurn

497 3051 654 3118 volumen
680 3065 731 3118 est
757 3055 800 3118 de
826 3053 964 3119 ecclesia
993 3066 1027 3120 et
1057 3056 1100 3118 de
1128 3053 1198 3136 ejus
1229 3053 1385 3117 membris
1412 3063 1446 3118 et
1473 3053 1620 3118 continet
1646 3047 1720 3134 iiijor
1741 3050 1851 3128 libroS,

498 3173 681 3238 secundum
701 3173 856 3238 volumen
875 3186 926 3240 est
946 3176 989 3240 de
1010 3175 1222 3240 sacramentis
1243 3173 1399 3252 ecclesiae,
1414 3175 1586 3238 continens
1606 3194 1709 3236 unum
1731 3173 1852 3242 librum

499 3314 545 3360 sc.
568 3295 732 3378 quintum,
752 3304 787 3360 et
812 3305 857 3380 3¹¹¹
881 3296 1036 3361 volumen
1062 3297 1210 3361 continet
1235 3317 1338 3359 unum
1365 3296 1495 3375 librum,
1519 3315 1563 3360 sc.
1587 3304 1722 3359 sextum
1747 3295 1853 3360 tocius

499 3416 616 3498 operis,
646 3425 680 3480 et
710 3426 761 3481 est
789 3417 832 3481 de
861 3418 1153 3483 sacramentalibus
1180 3418 1337 3482 ecclesiae.
1382 3417 1429 3482 Et
1461 3427 1609 3482 mortuus
1639 3425 1691 3480 est
1719 3416 1853 3499 quando

499 3535 562 3602 luit
584 3537 617 3601 in
640 3539 790 3621 partibus
817 3537 936 3604 Galliae
963 3561 1038 3606 cum
1062 3561 1139 3624 rege
1161 3539 1297 3622 Angliae
1320 3538 1441 3622 juvene
1466 3539 1613 3603 Henrico
1635 3546 1743 3613 sexto,
1766 3537 1853 3601 exis-

500 3667 575 3723 tens
597 3660 765 3724 consessor
787 3681 875 3740 suus,
897 3661 981 3726 sicut
1003 3661 1094 3744 prius
1116 3661 1177 3726 luit
1200 3660 1367 3726 confessor
1388 3661 1492 3742 patris
1514 3661 1564 3724 sui
1589 3659 1725 3727 Henrici
1747 3659 1853 3742 quinti

502 3780 588 3862 regis
614 3780 758 3863 Angliae,
786 3791 819 3845 et
845 3781 944 3846 frater
969 3782 1031 3847 suit
1057 3783 1181 3846 ordinis
1209 3781 1471 3862 Carmelitarum,
1497 3782 1554 3865 qui
1584 3783 1699 3848 dicunt
1728 3781 1854 3864 seipsos

501 3921 574 3964 esse
609 3901 807 3983 professores
838 3903 1065 3968 essencialium
1097 3904 1218 3988 regulae
1249 3905 1354 3969 sancti
1387 3904 1530 3972 doctoris
1565 3901 1676 3966 Basilii
1711 3902 1854 3968 doctoris

503 4020 621 4086 Graeci.

567 4183 643 4236 ¹For
665 4202 697 4237 an
719 4195 825 4239 account
847 4187 876 4239 ol
894 4186 1006 4239 Thomas
1028 4187 1118 4238 Netter
1140 4188 1170 4238 ol
1189 4188 1302 4246 Waldeu,
1325 4205 1365 4240 see
1389 4188 1505 4254 Shirley's
1524 4186 1662 4238 ‘Fasciculi
1683 4184 1855 4241 Zizantorum:

502 4281 526 4331 p.
545 4266 595 4320 lxx.
