<?xml version="1.0" encoding="UTF-8"?>
<!DOCTYPE html PUBLIC "-//W3C//DTD XHTML 1.0 Transitional//EN"
    "http://www.w3.org/TR/xhtml1/DTD/xhtml1-transitional.dtd">
<html xmlns="http://www.w3.org/1999/xhtml" xml:lang="en" lang="en">
 <head>
  <title>
</title>
<meta http-equiv="Content-Type" content="text/html;charset=utf-8" />
  <meta name='ocr-system' content='tesseract 3.04.00' />
  <meta name='ocr-capabilities' content='ocr_page ocr_carea ocr_par ocr_line ocrx_word'/>
</head>
<body>
  <div class='ocr_page' id='page_1' title='image "./locielibroverit01gascgoog_0133.png"; bbox 0 0 4338 4936; ppageno 0'>
   <div class='ocr_carea' id='block_1_1' title="bbox 492 407 1472 486">
    <p class='ocr_par' dir='ltr' id='par_1_1' title="bbox 492 407 1472 486">
     <span class='ocr_line' id='line_1_1' title="bbox 492 407 1472 486; baseline 0.002 -20"><span class='ocrx_word' id='word_1_1' title='bbox 492 417 534 486; x_wconf 83' lang='lat'>30</span> <span class='ocrx_word' id='word_1_2' title='bbox 871 407 969 465; x_wconf 91' lang='lat' dir='ltr'><em>LOCI</em></span> <span class='ocrx_word' id='word_1_3' title='bbox 995 409 1025 463; x_wconf 89' lang='lat' dir='ltr'><em>E</em></span> <span class='ocrx_word' id='word_1_4' title='bbox 1054 407 1179 464; x_wconf 87' lang='lat' dir='ltr'><em>LIBRO</em></span> <span class='ocrx_word' id='word_1_5' title='bbox 1215 409 1472 468; x_wconf 77' lang='lat' dir='ltr'>VERJTATa’nr.</span> 
     </span>
    </p>
   </div>
   <div class='ocr_carea' id='block_1_2' title="bbox 491 621 1848 2289">
    <p class='ocr_par' dir='ltr' id='par_1_2' title="bbox 491 621 1848 2289">
     <span class='ocr_line' id='line_1_2' title="bbox 494 621 1847 709; baseline 0.001 -21"><span class='ocrx_word' id='word_1_6' title='bbox 494 626 616 689; x_wconf 81' lang='lat' dir='ltr'>abbate</span> <span class='ocrx_word' id='word_1_7' title='bbox 646 623 778 707; x_wconf 83' lang='lat' dir='ltr'>juravit,</span> <span class='ocrx_word' id='word_1_8' title='bbox 807 625 890 687; x_wconf 90' lang='lat' dir='ltr'>sicut</span> <span class='ocrx_word' id='word_1_9' title='bbox 925 623 1016 688; x_wconf 92' lang='lat' dir='ltr'>Deus</span> <span class='ocrx_word' id='word_1_10' title='bbox 1046 625 1139 688; x_wconf 90' lang='lat' dir='ltr'>illum</span> <span class='ocrx_word' id='word_1_11' title='bbox 1173 623 1344 708; x_wconf 88' lang='lat' dir='ltr'>adjuvaret</span> <span class='ocrx_word' id='word_1_12' title='bbox 1375 633 1408 689; x_wconf 90' lang='lat' dir='ltr'>et</span> <span class='ocrx_word' id='word_1_13' title='bbox 1434 624 1538 688; x_wconf 90' lang='lat' dir='ltr'>sancti</span> <span class='ocrx_word' id='word_1_14' title='bbox 1572 622 1636 689; x_wconf 89' lang='lat' dir='ltr'>Dei</span> <span class='ocrx_word' id='word_1_15' title='bbox 1667 621 1847 709; x_wconf 78' lang='lat' dir='ltr'>evangelia.</span> 
     </span>
     <span class='ocr_line' id='line_1_3' title="bbox 491 745 1846 830; baseline -0.001 -20"><span class='ocrx_word' id='word_1_16' title='bbox 491 746 581 810; x_wconf 89' lang='lat' dir='ltr'>Turn</span> <span class='ocrx_word' id='word_1_17' title='bbox 617 765 675 829; x_wconf 91' lang='lat' dir='ltr'>per</span> <span class='ocrx_word' id='word_1_18' title='bbox 706 745 835 828; x_wconf 87' lang='lat' dir='ltr'>aliquos</span> <span class='ocrx_word' id='word_1_19' title='bbox 865 755 899 809; x_wconf 90' lang='lat' dir='ltr'>et</span> <span class='ocrx_word' id='word_1_20' title='bbox 936 766 1060 828; x_wconf 90' lang='lat' dir='ltr'>paucos</span> <span class='ocrx_word' id='word_1_21' title='bbox 1090 747 1215 812; x_wconf 88' lang='lat' dir='ltr'>amicos</span> <span class='ocrx_word' id='word_1_22' title='bbox 1246 745 1423 829; x_wconf 88' lang='lat' dir='ltr'>Reginaldi</span> <span class='ocrx_word' id='word_1_23' title='bbox 1455 745 1643 811; x_wconf 88' lang='lat' dir='ltr'>intimatum</span> <span class='ocrx_word' id='word_1_24' title='bbox 1679 745 1740 810; x_wconf 84' lang='lat' dir='ltr'>luit</span> <span class='ocrx_word' id='word_1_25' title='bbox 1778 747 1846 830; x_wconf 89' lang='lat' dir='ltr'>regi</span> 
     </span>
     <span class='ocr_line' id='line_1_4' title="bbox 494 864 1839 951; baseline -0.001 -20"><span class='ocrx_word' id='word_1_26' title='bbox 494 867 630 949; x_wconf 84' lang='lat' dir='ltr'>Angliae</span> <span class='ocrx_word' id='word_1_27' title='bbox 658 867 748 950; x_wconf 91' lang='lat' dir='ltr'>quod</span> <span class='ocrx_word' id='word_1_28' title='bbox 780 867 946 950; x_wconf 92' lang='lat' dir='ltr'>predictus</span> <span class='ocrx_word' id='word_1_29' title='bbox 977 864 1193 951; x_wconf 87' lang='lat' dir='ltr'>Reginaldus,</span> <span class='ocrx_word' id='word_1_30' title='bbox 1223 877 1302 932; x_wconf 90' lang='lat' dir='ltr'>tunc</span> <span class='ocrx_word' id='word_1_31' title='bbox 1332 889 1397 932; x_wconf 91' lang='lat' dir='ltr'>non</span> <span class='ocrx_word' id='word_1_32' title='bbox 1427 869 1601 950; x_wconf 91' lang='lat' dir='ltr'>episcopus</span> <span class='ocrx_word' id='word_1_33' title='bbox 1631 887 1692 932; x_wconf 92' lang='lat' dir='ltr'>nec</span> <span class='ocrx_word' id='word_1_34' title='bbox 1721 867 1839 932; x_wconf 89' lang='lat' dir='ltr'>doctor</span> 
     </span>
     <span class='ocr_line' id='line_1_5' title="bbox 494 988 1847 1073; baseline 0 -21"><span class='ocrx_word' id='word_1_35' title='bbox 494 1009 555 1073; x_wconf 91' lang='lat' dir='ltr'>pro</span> <span class='ocrx_word' id='word_1_36' title='bbox 587 999 666 1054; x_wconf 93' lang='lat' dir='ltr'>tunc</span> <span class='ocrx_word' id='word_1_37' title='bbox 702 989 734 1051; x_wconf 95' lang='lat' dir='ltr'>in</span> <span class='ocrx_word' id='word_1_38' title='bbox 772 989 917 1071; x_wconf 85' lang='lat' dir='ltr'>teologia</span> <span class='ocrx_word' id='word_1_39' title='bbox 951 988 1011 1053; x_wconf 86' lang='lat' dir='ltr'>luit</span> <span class='ocrx_word' id='word_1_40' title='bbox 1045 1010 1111 1054; x_wconf 94' lang='lat' dir='ltr'>non</span> <span class='ocrx_word' id='word_1_41' title='bbox 1149 1011 1231 1062; x_wconf 82' lang='lat' dir='ltr'>reus,</span> <span class='ocrx_word' id='word_1_42' title='bbox 1262 991 1320 1054; x_wconf 91' lang='lat' dir='ltr'>sed</span> <span class='ocrx_word' id='word_1_43' title='bbox 1358 990 1493 1054; x_wconf 92' lang='lat' dir='ltr'>omnino</span> <span class='ocrx_word' id='word_1_44' title='bbox 1528 989 1689 1068; x_wconf 90' lang='lat' dir='ltr'>immunis,</span> <span class='ocrx_word' id='word_1_45' title='bbox 1721 998 1754 1052; x_wconf 93' lang='lat' dir='ltr'>et</span> <span class='ocrx_word' id='word_1_46' title='bbox 1784 989 1847 1052; x_wconf 90' lang='lat' dir='ltr'>iste</span> 
     </span>
     <span class='ocr_line' id='line_1_6' title="bbox 494 1109 1846 1194; baseline -0.002 -19"><span class='ocrx_word' id='word_1_47' title='bbox 494 1109 710 1194; x_wconf 89' lang='lat' dir='ltr'>Reginaldus,</span> <span class='ocrx_word' id='word_1_48' title='bbox 734 1110 789 1192; x_wconf 88' lang='lat' dir='ltr'>qui</span> <span class='ocrx_word' id='word_1_49' title='bbox 810 1110 935 1194; x_wconf 83' lang='lat' dir='ltr'>absque</span> <span class='ocrx_word' id='word_1_50' title='bbox 956 1110 1061 1175; x_wconf 81' lang='lat' dir='ltr'>sonna</span> <span class='ocrx_word' id='word_1_51' title='bbox 1079 1111 1189 1194; x_wconf 89' lang='lat' dir='ltr'>aliqua</span> <span class='ocrx_word' id='word_1_52' title='bbox 1207 1109 1320 1176; x_wconf 89' lang='lat' dir='ltr'>debita</span> <span class='ocrx_word' id='word_1_53' title='bbox 1344 1109 1376 1173; x_wconf 95' lang='lat' dir='ltr'>in</span> <span class='ocrx_word' id='word_1_54' title='bbox 1398 1110 1533 1175; x_wconf 89' lang='lat' dir='ltr'>Oxonia</span> <span class='ocrx_word' id='word_1_55' title='bbox 1555 1109 1598 1174; x_wconf 91' lang='lat' dir='ltr'>ad</span> <span class='ocrx_word' id='word_1_56' title='bbox 1622 1109 1846 1193; x_wconf 90' lang='lat' dir='ltr'>incipiendum</span> 
     </span>
     <span class='ocr_line' id='line_1_7' title="bbox 494 1225 1847 1316; baseline 0 -20"><span class='ocrx_word' id='word_1_57' title='bbox 494 1235 529 1296; x_wconf 91' lang='lat' dir='ltr'>in</span> <span class='ocrx_word' id='word_1_58' title='bbox 560 1254 652 1298; x_wconf 90' lang='lat' dir='ltr'>sacra</span> <span class='ocrx_word' id='word_1_59' title='bbox 682 1230 849 1316; x_wconf 81' lang='lat' dir='ltr'><strong>theologia</strong></span> <span class='ocrx_word' id='word_1_60' title='bbox 878 1225 985 1298; x_wconf 84' lang='lat' dir='ltr'>lactus</span> <span class='ocrx_word' id='word_1_61' title='bbox 1016 1243 1067 1298; x_wconf 90' lang='lat' dir='ltr'>est</span> <span class='ocrx_word' id='word_1_62' title='bbox 1092 1233 1217 1312; x_wconf 93' lang='lat' dir='ltr'>doctor,</span> <span class='ocrx_word' id='word_1_63' title='bbox 1244 1233 1366 1296; x_wconf 78' lang='lat' dir='ltr'>ibidem</span> <span class='ocrx_word' id='word_1_64' title='bbox 1400 1253 1459 1314; x_wconf 92' lang='lat' dir='ltr'>per</span> <span class='ocrx_word' id='word_1_65' title='bbox 1486 1232 1630 1314; x_wconf 84' lang='lat' dir='ltr'>graciam</span> <span class='ocrx_word' id='word_1_66' title='bbox 1661 1251 1726 1296; x_wconf 93' lang='lat' dir='ltr'>non</span> <span class='ocrx_word' id='word_1_67' title='bbox 1760 1231 1847 1296; x_wconf 90' lang='lat' dir='ltr'>rexit</span> 
     </span>
     <span class='ocr_line' id='line_1_8' title="bbox 494 1353 1847 1438; baseline 0 -20"><span class='ocrx_word' id='word_1_68' title='bbox 494 1363 571 1438; x_wconf 91' lang='lat' dir='ltr'>post</span> <span class='ocrx_word' id='word_1_69' title='bbox 605 1354 814 1419; x_wconf 89' lang='lat' dir='ltr'>doctoratum</span> <span class='ocrx_word' id='word_1_70' title='bbox 850 1373 911 1418; x_wconf 95' lang='lat' dir='ltr'>nec</span> <span class='ocrx_word' id='word_1_71' title='bbox 945 1354 1090 1436; x_wconf 89' lang='lat' dir='ltr'>aliquem</span> <span class='ocrx_word' id='word_1_72' title='bbox 1120 1364 1232 1418; x_wconf 91' lang='lat' dir='ltr'>actum</span> <span class='ocrx_word' id='word_1_73' title='bbox 1262 1353 1472 1418; x_wconf 87' lang='lat' dir='ltr'>scolasticum</span> <span class='ocrx_word' id='word_1_74' title='bbox 1510 1353 1632 1417; x_wconf 88' lang='lat' dir='ltr'>ibidem</span> <span class='ocrx_word' id='word_1_75' title='bbox 1662 1353 1739 1418; x_wconf 86' lang='lat' dir='ltr'>iecit</span> <span class='ocrx_word' id='word_1_76' title='bbox 1771 1363 1847 1436; x_wconf 92' lang='lat' dir='ltr'>post</span> 
     </span>
     <span class='ocr_line' id='line_1_9' title="bbox 495 1474 1847 1558; baseline -0.001 -18"><span class='ocrx_word' id='word_1_77' title='bbox 495 1477 713 1553; x_wconf 90' lang='lat' dir='ltr'>doctoratum,</span> <span class='ocrx_word' id='word_1_78' title='bbox 740 1476 798 1538; x_wconf 92' lang='lat' dir='ltr'>sed</span> <span class='ocrx_word' id='word_1_79' title='bbox 826 1474 935 1557; x_wconf 91' lang='lat' dir='ltr'>plures</span> <span class='ocrx_word' id='word_1_80' title='bbox 962 1475 1062 1540; x_wconf 88' lang='lat' dir='ltr'>libros</span> <span class='ocrx_word' id='word_1_81' title='bbox 1087 1475 1295 1558; x_wconf 88' lang='lat' dir='ltr'>Anglicanos</span> <span class='ocrx_word' id='word_1_82' title='bbox 1320 1495 1379 1558; x_wconf 93' lang='lat' dir='ltr'>per</span> <span class='ocrx_word' id='word_1_83' title='bbox 1402 1475 1519 1558; x_wconf 91' lang='lat' dir='ltr'>viginti</span> <span class='ocrx_word' id='word_1_84' title='bbox 1545 1494 1648 1538; x_wconf 91' lang='lat' dir='ltr'>annos</span> <span class='ocrx_word' id='word_1_85' title='bbox 1679 1475 1783 1538; x_wconf 90' lang='lat' dir='ltr'>edidit</span> <span class='ocrx_word' id='word_1_86' title='bbox 1803 1483 1847 1538; x_wconf 88' lang='lat' dir='ltr'>et</span> 
     </span>
     <span class='ocr_line' id='line_1_10' title="bbox 494 1596 1848 1680; baseline -0.001 -19"><span class='ocrx_word' id='word_1_87' title='bbox 494 1598 632 1680; x_wconf 83' lang='lat' dir='ltr'>scripsit,</span> <span class='ocrx_word' id='word_1_88' title='bbox 664 1606 698 1660; x_wconf 92' lang='lat' dir='ltr'>et</span> <span class='ocrx_word' id='word_1_89' title='bbox 731 1606 847 1660; x_wconf 90' lang='lat' dir='ltr'>notum</span> <span class='ocrx_word' id='word_1_90' title='bbox 878 1605 928 1660; x_wconf 90' lang='lat' dir='ltr'>est</span> <span class='ocrx_word' id='word_1_91' title='bbox 960 1596 1108 1678; x_wconf 91' lang='lat' dir='ltr'>pluribus</span> <span class='ocrx_word' id='word_1_92' title='bbox 1142 1597 1230 1679; x_wconf 93' lang='lat' dir='ltr'>quod</span> <span class='ocrx_word' id='word_1_93' title='bbox 1261 1598 1396 1661; x_wconf 90' lang='lat' dir='ltr'>eosdem</span> <span class='ocrx_word' id='word_1_94' title='bbox 1432 1596 1625 1661; x_wconf 86' lang='lat' dir='ltr'>cancellavit</span> <span class='ocrx_word' id='word_1_95' title='bbox 1655 1615 1753 1660; x_wconf 91' lang='lat' dir='ltr'>manu</span> <span class='ocrx_word' id='word_1_96' title='bbox 1788 1615 1848 1660; x_wconf 89' lang='lat' dir='ltr'>sua</span> 
     </span>
     <span class='ocr_line' id='line_1_11' title="bbox 494 1715 1847 1804; baseline 0.001 -23"><span class='ocrx_word' id='word_1_97' title='bbox 494 1720 633 1802; x_wconf 91' lang='lat' dir='ltr'>propria,</span> <span class='ocrx_word' id='word_1_98' title='bbox 658 1727 694 1781; x_wconf 90' lang='lat' dir='ltr'>ut</span> <span class='ocrx_word' id='word_1_99' title='bbox 724 1715 824 1780; x_wconf 82' lang='lat' dir='ltr'>salsos</span> <span class='ocrx_word' id='word_1_100' title='bbox 854 1716 964 1797; x_wconf 90' lang='lat' dir='ltr'>libros,</span> <span class='ocrx_word' id='word_1_101' title='bbox 990 1727 1025 1782; x_wconf 91' lang='lat' dir='ltr'>et</span> <span class='ocrx_word' id='word_1_102' title='bbox 1054 1727 1171 1802; x_wconf 90' lang='lat' dir='ltr'>postea</span> <span class='ocrx_word' id='word_1_103' title='bbox 1197 1718 1277 1804; x_wconf 88' lang='lat' dir='ltr'>jam,</span> <span class='ocrx_word' id='word_1_104' title='bbox 1304 1729 1341 1783; x_wconf 93' lang='lat' dir='ltr'>ut</span> <span class='ocrx_word' id='word_1_105' title='bbox 1372 1719 1491 1784; x_wconf 91' lang='lat' dir='ltr'>dicitur</span> <span class='ocrx_word' id='word_1_106' title='bbox 1519 1739 1540 1782; x_wconf 93' lang='lat' dir='ltr'>a</span> <span class='ocrx_word' id='word_1_107' title='bbox 1569 1718 1712 1792; x_wconf 87' lang='lat' dir='ltr'>diversis,</span> <span class='ocrx_word' id='word_1_108' title='bbox 1736 1717 1847 1800; x_wconf 87' lang='lat' dir='ltr'>plures</span> 
     </span>
     <span class='ocr_line' id='line_1_12' title="bbox 492 1838 1848 1924; baseline 0 -20"><span class='ocrx_word' id='word_1_109' title='bbox 492 1840 599 1904; x_wconf 80' lang='lat' dir='ltr'>edidit</span> <span class='ocrx_word' id='word_1_110' title='bbox 630 1848 664 1903; x_wconf 92' lang='lat' dir='ltr'>et</span> <span class='ocrx_word' id='word_1_111' title='bbox 698 1838 829 1921; x_wconf 85' lang='lat' dir='ltr'>scripsit</span> <span class='ocrx_word' id='word_1_112' title='bbox 863 1839 964 1902; x_wconf 92' lang='lat' dir='ltr'>libros</span> <span class='ocrx_word' id='word_1_113' title='bbox 997 1839 1029 1902; x_wconf 91' lang='lat' dir='ltr'>in</span> <span class='ocrx_word' id='word_1_114' title='bbox 1063 1839 1210 1923; x_wconf 88' lang='lat' dir='ltr'>Anglico</span> <span class='ocrx_word' id='word_1_115' title='bbox 1242 1841 1372 1924; x_wconf 89' lang='lat' dir='ltr'>pejores</span> <span class='ocrx_word' id='word_1_116' title='bbox 1408 1841 1578 1924; x_wconf 90' lang='lat' dir='ltr'>prioribus,</span> <span class='ocrx_word' id='word_1_117' title='bbox 1612 1841 1701 1906; x_wconf 88' lang='lat' dir='ltr'>unde</span> <span class='ocrx_word' id='word_1_118' title='bbox 1732 1848 1848 1905; x_wconf 80' lang='lat' dir='ltr'>contra</span> 
     </span>
     <span class='ocr_line' id='line_1_13' title="bbox 494 1959 1846 2045; baseline -0.001 -19"><span class='ocrx_word' id='word_1_119' title='bbox 494 1963 594 2026; x_wconf 90' lang='lat' dir='ltr'>libros</span> <span class='ocrx_word' id='word_1_120' title='bbox 618 1983 695 2025; x_wconf 92' lang='lat' dir='ltr'>suos</span> <span class='ocrx_word' id='word_1_121' title='bbox 721 1959 935 2044; x_wconf 87' lang='lat' dir='ltr'>Anglicanos,</span> <span class='ocrx_word' id='word_1_122' title='bbox 962 1960 988 2024; x_wconf 91' lang='lat' dir='ltr'>si</span> <span class='ocrx_word' id='word_1_123' title='bbox 1014 1962 1091 2026; x_wconf 88' lang='lat' dir='ltr'>mali</span> <span class='ocrx_word' id='word_1_124' title='bbox 1116 1963 1234 2045; x_wconf 92' lang='lat' dir='ltr'>reperti</span> <span class='ocrx_word' id='word_1_125' title='bbox 1260 1961 1387 2042; x_wconf 86' lang='lat' dir='ltr'>suerint,</span> <span class='ocrx_word' id='word_1_126' title='bbox 1411 1983 1486 2026; x_wconf 88' lang='lat' dir='ltr'>cum</span> <span class='ocrx_word' id='word_1_127' title='bbox 1509 1961 1713 2026; x_wconf 54' lang='lat' dir='ltr'>venerint‘in</span> <span class='ocrx_word' id='word_1_128' title='bbox 1739 1961 1846 2025; x_wconf 88' lang='lat' dir='ltr'>lucem</span> 
     </span>
     <span class='ocr_line' id='line_1_14' title="bbox 493 2082 1846 2166; baseline -0.003 -18"><span class='ocrx_word' id='word_1_129' title='bbox 493 2096 527 2148; x_wconf 91' lang='lat' dir='ltr'>et</span> <span class='ocrx_word' id='word_1_130' title='bbox 558 2085 590 2146; x_wconf 94' lang='lat' dir='ltr'>in</span> <span class='ocrx_word' id='word_1_131' title='bbox 620 2083 786 2161; x_wconf 87' lang='lat' dir='ltr'>noticiam,</span> <span class='ocrx_word' id='word_1_132' title='bbox 817 2083 909 2146; x_wconf 92' lang='lat' dir='ltr'>Deus</span> <span class='ocrx_word' id='word_1_133' title='bbox 939 2082 1075 2165; x_wconf 91' lang='lat' dir='ltr'>inspiret</span> <span class='ocrx_word' id='word_1_134' title='bbox 1105 2085 1204 2148; x_wconf 89' lang='lat' dir='ltr'>corda</span> <span class='ocrx_word' id='word_1_135' title='bbox 1233 2084 1416 2162; x_wconf 92' lang='lat' dir='ltr'>doctorum,</span> <span class='ocrx_word' id='word_1_136' title='bbox 1447 2094 1480 2147; x_wconf 92' lang='lat' dir='ltr'>et</span> <span class='ocrx_word' id='word_1_137' title='bbox 1510 2094 1625 2148; x_wconf 88' lang='lat' dir='ltr'>contra</span> <span class='ocrx_word' id='word_1_138' title='bbox 1654 2083 1846 2166; x_wconf 86' lang='lat' dir='ltr'>praedictam</span> 
     </span>
     <span class='ocr_line' id='line_1_15' title="bbox 493 2205 1848 2289; baseline -0.004 -18"><span class='ocrx_word' id='word_1_139' title='bbox 493 2206 738 2271; x_wconf 83' lang='lat' dir='ltr'>conclusionem</span> <span class='ocrx_word' id='word_1_140' title='bbox 763 2205 913 2288; x_wconf 87' lang='lat' dir='ltr'>primam,</span> <span class='ocrx_word' id='word_1_141' title='bbox 940 2205 1030 2287; x_wconf 91' lang='lat' dir='ltr'>quod</span> <span class='ocrx_word' id='word_1_142' title='bbox 1058 2205 1213 2288; x_wconf 92' lang='lat' dir='ltr'>episcopi,</span> <span class='ocrx_word' id='word_1_143' title='bbox 1240 2228 1280 2270; x_wconf 89' lang='lat' dir='ltr'>eo</span> <span class='ocrx_word' id='word_1_144' title='bbox 1306 2207 1396 2288; x_wconf 90' lang='lat' dir='ltr'>quod</span> <span class='ocrx_word' id='word_1_145' title='bbox 1423 2205 1577 2289; x_wconf 91' lang='lat' dir='ltr'>episcopi,</span> <span class='ocrx_word' id='word_1_146' title='bbox 1600 2225 1666 2268; x_wconf 95' lang='lat' dir='ltr'>non</span> <span class='ocrx_word' id='word_1_147' title='bbox 1694 2213 1848 2268; x_wconf 88' lang='lat' dir='ltr'>tenentur</span> 
     </span>
    </p>
   </div>
   <div class='ocr_carea' id='block_1_3' title="bbox 493 2325 1847 2418">
    <p class='ocr_par' dir='ltr' id='par_1_3' title="bbox 493 2325 1847 2418">
     <span class='ocr_line' id='line_1_16' title="bbox 493 2325 1847 2418; baseline -0.004 -26"><span class='ocrx_word' id='word_1_148' title='bbox 493 2328 625 2411; x_wconf 89' lang='lat' dir='ltr'>publice</span> <span class='ocrx_word' id='word_1_149' title='bbox 650 2327 830 2409; x_wconf 84' lang='lat' dir='ltr'>praedicare</span> <span class='ocrx_word' id='word_1_150' title='bbox 853 2347 913 2390; x_wconf 91' lang='lat' dir='ltr'>suo</span> <span class='ocrx_word' id='word_1_151' title='bbox 940 2327 1064 2409; x_wconf 90' lang='lat' dir='ltr'>populo</span> <span class='ocrx_word' id='word_1_152' title='bbox 1090 2348 1148 2390; x_wconf 93' lang='lat' dir='ltr'>seu</span> <span class='ocrx_word' id='word_1_153' title='bbox 1175 2327 1298 2392; x_wconf 92' lang='lat' dir='ltr'>diocesi</span> <span class='ocrx_word' id='word_1_154' title='bbox 1328 2327 1475 2410; x_wconf 84' lang='lat' dir='ltr'>arguitur</span> <span class='ocrx_word' id='word_1_155' title='bbox 1500 2327 1555 2391; x_wconf 92' lang='lat' dir='ltr'>sic.</span> <span class='ocrx_word' id='word_1_156' title='bbox 1612 2325 1703 2390; x_wconf 92' lang='lat' dir='ltr'>Inter</span> <span class='ocrx_word' id='word_1_157' title='bbox 1731 2345 1847 2418; x_wconf 85' lang='lat' dir='ltr'>onmes</span> 
     </span>
    </p>
   </div>
   <div class='ocr_carea' id='block_1_4' title="bbox 492 2441 1847 4350">
    <p class='ocr_par' dir='ltr' id='par_1_4' title="bbox 493 2441 1847 3018">
     <span class='ocr_line' id='line_1_17' title="bbox 493 2441 1847 2533; baseline -0.004 -19"><span class='ocrx_word' id='word_1_158' title='bbox 493 2460 588 2515; x_wconf 92' lang='lat' dir='ltr'>actus</span> <span class='ocrx_word' id='word_1_159' title='bbox 610 2471 694 2533; x_wconf 92' lang='lat' dir='ltr'>quos</span> <span class='ocrx_word' id='word_1_160' title='bbox 717 2449 881 2512; x_wconf 92' lang='lat' dir='ltr'>Dominus</span> <span class='ocrx_word' id='word_1_161' title='bbox 903 2448 1061 2532; x_wconf 87' lang='lat' dir='ltr'>praecepit</span> <span class='ocrx_word' id='word_1_162' title='bbox 1084 2448 1128 2513; x_wconf 92' lang='lat' dir='ltr'>ab</span> <span class='ocrx_word' id='word_1_163' title='bbox 1150 2441 1308 2532; x_wconf 87' lang='lat' dir='ltr'>apostolis</span> <span class='ocrx_word' id='word_1_164' title='bbox 1331 2449 1400 2512; x_wconf 89' lang='lat' dir='ltr'>iore</span> <span class='ocrx_word' id='word_1_165' title='bbox 1427 2447 1630 2512; x_wconf 90' lang='lat' dir='ltr'>exercendos</span> <span class='ocrx_word' id='word_1_166' title='bbox 1653 2445 1847 2529; x_wconf 82' lang='lat' dir='ltr'>praedicacio</span> 
     </span>
     <span class='ocr_line' id='line_1_18' title="bbox 493 2569 1847 2655; baseline -0.004 -20"><span class='ocrx_word' id='word_1_167' title='bbox 493 2572 555 2635; x_wconf 86' lang='lat' dir='ltr'>luit</span> <span class='ocrx_word' id='word_1_168' title='bbox 571 2571 747 2655; x_wconf 75' lang='lat' dir='ltr'>praecipua,</span> <span class='ocrx_word' id='word_1_169' title='bbox 764 2571 908 2653; x_wconf 90' lang='lat' dir='ltr'>eoquod</span> <span class='ocrx_word' id='word_1_170' title='bbox 925 2591 969 2633; x_wconf 87' lang='lat' dir='ltr'>ex</span> <span class='ocrx_word' id='word_1_171' title='bbox 985 2580 1061 2634; x_wconf 91' lang='lat' dir='ltr'>actu</span> <span class='ocrx_word' id='word_1_172' title='bbox 1082 2570 1140 2635; x_wconf 91' lang='lat' dir='ltr'>illo</span> <span class='ocrx_word' id='word_1_173' title='bbox 1162 2572 1308 2634; x_wconf 87' lang='lat' dir='ltr'>maxima</span> <span class='ocrx_word' id='word_1_174' title='bbox 1327 2569 1416 2634; x_wconf 87' lang='lat' dir='ltr'>bona</span> <span class='ocrx_word' id='word_1_175' title='bbox 1430 2569 1614 2634; x_wconf 90' lang='lat' dir='ltr'>animarum</span> <span class='ocrx_word' id='word_1_176' title='bbox 1630 2575 1847 2652; x_wconf 85' lang='lat' dir='ltr'>pervenerunt</span> 
     </span>
     <span class='ocr_line' id='line_1_19' title="bbox 494 2689 1847 2776; baseline -0.002 -19"><span class='ocrx_word' id='word_1_177' title='bbox 494 2703 528 2757; x_wconf 90' lang='lat' dir='ltr'>et</span> <span class='ocrx_word' id='word_1_178' title='bbox 552 2693 617 2758; x_wconf 93' lang='lat' dir='ltr'>hoc</span> <span class='ocrx_word' id='word_1_179' title='bbox 640 2693 673 2755; x_wconf 91' lang='lat' dir='ltr'>in</span> <span class='ocrx_word' id='word_1_180' title='bbox 695 2692 785 2757; x_wconf 93' lang='lat' dir='ltr'>brevi</span> <span class='ocrx_word' id='word_1_181' title='bbox 809 2701 968 2775; x_wconf 88' lang='lat' dir='ltr'>tempore.</span> <span class='ocrx_word' id='word_1_182' title='bbox 1026 2689 1116 2756; x_wconf 89' lang='lat' dir='ltr'>Nam</span> <span class='ocrx_word' id='word_1_183' title='bbox 1143 2712 1208 2756; x_wconf 88' lang='lat' dir='ltr'>una</span> <span class='ocrx_word' id='word_1_184' title='bbox 1233 2691 1287 2756; x_wconf 90' lang='lat' dir='ltr'>die</span> <span class='ocrx_word' id='word_1_185' title='bbox 1311 2699 1346 2776; x_wconf 84' lang='lat'>3⁸</span> <span class='ocrx_word' id='word_1_186' title='bbox 1368 2691 1458 2755; x_wconf 89' lang='lat' dir='ltr'>milia</span> <span class='ocrx_word' id='word_1_187' title='bbox 1481 2701 1514 2755; x_wconf 90' lang='lat' dir='ltr'>et</span> <span class='ocrx_word' id='word_1_188' title='bbox 1537 2690 1602 2754; x_wconf 90' lang='lat' dir='ltr'>alia</span> <span class='ocrx_word' id='word_1_189' title='bbox 1623 2691 1677 2755; x_wconf 92' lang='lat' dir='ltr'>die</span> <span class='ocrx_word' id='word_1_190' title='bbox 1701 2690 1847 2772; x_wconf 88' lang='lat' dir='ltr'>quinque</span> 
     </span>
     <span class='ocr_line' id='line_1_20' title="bbox 495 2810 1846 2897; baseline -0.001 -19"><span class='ocrx_word' id='word_1_191' title='bbox 495 2815 585 2878; x_wconf 92' lang='lat' dir='ltr'>milia</span> <span class='ocrx_word' id='word_1_192' title='bbox 618 2813 791 2878; x_wconf 91' lang='lat' dir='ltr'>hominum</span> <span class='ocrx_word' id='word_1_193' title='bbox 825 2834 883 2895; x_wconf 93' lang='lat' dir='ltr'>per</span> <span class='ocrx_word' id='word_1_194' title='bbox 915 2813 1187 2897; x_wconf 84' lang='lat' dir='ltr'>praedicacionem</span> <span class='ocrx_word' id='word_1_195' title='bbox 1224 2813 1315 2877; x_wconf 92' lang='lat' dir='ltr'>verbi</span> <span class='ocrx_word' id='word_1_196' title='bbox 1353 2812 1413 2878; x_wconf 91' lang='lat' dir='ltr'>Xti</span> <span class='ocrx_word' id='word_1_197' title='bbox 1451 2813 1596 2878; x_wconf 92' lang='lat' dir='ltr'>conversi</span> <span class='ocrx_word' id='word_1_198' title='bbox 1635 2810 1767 2876; x_wconf 88' lang='lat' dir='ltr'>fuerunt</span> <span class='ocrx_word' id='word_1_199' title='bbox 1803 2813 1846 2876; x_wconf 86' lang='lat' dir='ltr'>ad</span> 
     </span>
     <span class='ocr_line' id='line_1_21' title="bbox 494 2932 1360 3018; baseline -0.002 -20"><span class='ocrx_word' id='word_1_200' title='bbox 494 2933 610 3014; x_wconf 88' lang='lat' dir='ltr'>Xtum,</span> <span class='ocrx_word' id='word_1_201' title='bbox 634 2943 671 2998; x_wconf 90' lang='lat' dir='ltr'>ut</span> <span class='ocrx_word' id='word_1_202' title='bbox 694 2944 787 3017; x_wconf 90' lang='lat' dir='ltr'>patet</span> <span class='ocrx_word' id='word_1_203' title='bbox 805 2932 955 2998; x_wconf 86' lang='lat' dir='ltr'>Actuum</span> <span class='ocrx_word' id='word_1_204' title='bbox 980 2934 1029 3017; x_wconf 87' lang='lat' dir='ltr'>iij⁰</span> <span class='ocrx_word' id='word_1_205' title='bbox 1055 2943 1089 3000; x_wconf 91' lang='lat' dir='ltr'>et</span> <span class='ocrx_word' id='word_1_206' title='bbox 1113 2934 1173 3017; x_wconf 88' lang='lat' dir='ltr'>iiij⁰</span> <span class='ocrx_word' id='word_1_207' title='bbox 1198 2933 1360 3018; x_wconf 89' lang='lat' dir='ltr'>capitulis.</span> 
     </span>
    </p>

    <p class='ocr_par' dir='ltr' id='par_1_5' title="bbox 492 3053 1847 3986">
     <span class='ocr_line' id='line_1_22' title="bbox 580 3053 1845 3137; baseline -0.011 -7"><span class='ocrx_word' id='word_1_208' title='bbox 580 3065 618 3132; x_wconf 78' lang='lat' dir='ltr'>ln·</span> <span class='ocrx_word' id='word_1_209' title='bbox 643 3063 712 3130; x_wconf 62' lang='lat' dir='ltr'>aab]</span> <span class='ocrx_word' id='word_1_210' title='bbox 766 3053 854 3119; x_wconf 89' lang='lat' dir='ltr'>Item</span> <span class='ocrx_word' id='word_1_211' title='bbox 884 3056 1070 3120; x_wconf 90' lang='lat' dir='ltr'>ostenditur</span> <span class='ocrx_word' id='word_1_212' title='bbox 1099 3055 1145 3118; x_wconf 91' lang='lat' dir='ltr'>sic</span> <span class='ocrx_word' id='word_1_213' title='bbox 1176 3053 1267 3136; x_wconf 92' lang='lat' dir='ltr'>quod</span> <span class='ocrx_word' id='word_1_214' title='bbox 1298 3053 1442 3137; x_wconf 85' lang='lat' dir='ltr'>episcopi</span> <span class='ocrx_word' id='word_1_215' title='bbox 1473 3063 1629 3119; x_wconf 88' lang='lat' dir='ltr'>tenentur</span> <span class='ocrx_word' id='word_1_216' title='bbox 1657 3053 1845 3137; x_wconf 73' lang='lat' dir='ltr'>praedicare.</span> 
     </span>
     <span class='ocr_line' id='line_1_23' title="bbox 494 3175 1846 3260; baseline -0.001 -18"><span class='ocrx_word' id='word_1_217' title='bbox 494 3176 652 3260; x_wconf 91' lang='lat' dir='ltr'>Episcopi</span> <span class='ocrx_word' id='word_1_218' title='bbox 681 3177 760 3240; x_wconf 94' lang='lat' dir='ltr'>olim</span> <span class='ocrx_word' id='word_1_219' title='bbox 787 3176 919 3240; x_wconf 85' lang='lat' dir='ltr'>luerunt</span> <span class='ocrx_word' id='word_1_220' title='bbox 945 3178 1048 3241; x_wconf 91' lang='lat' dir='ltr'>curati</span> <span class='ocrx_word' id='word_1_221' title='bbox 1073 3177 1265 3255; x_wconf 81' lang='lat' dir='ltr'>immediati,</span> <span class='ocrx_word' id='word_1_222' title='bbox 1289 3176 1373 3240; x_wconf 91' lang='lat' dir='ltr'>sicut</span> <span class='ocrx_word' id='word_1_223' title='bbox 1393 3175 1463 3259; x_wconf 91' lang='lat' dir='ltr'>jam</span> <span class='ocrx_word' id='word_1_224' title='bbox 1487 3186 1564 3240; x_wconf 90' lang='lat' dir='ltr'>sunt</span> <span class='ocrx_word' id='word_1_225' title='bbox 1587 3185 1729 3240; x_wconf 92' lang='lat' dir='ltr'>rectores</span> <span class='ocrx_word' id='word_1_226' title='bbox 1751 3195 1846 3258; x_wconf 91' lang='lat' dir='ltr'>paro·</span> 
     </span>
     <span class='ocr_line' id='line_1_24' title="bbox 493 3295 1846 3378; baseline -0.004 -15"><span class='ocrx_word' id='word_1_227' title='bbox 493 3299 615 3364; x_wconf 89' lang='lat' dir='ltr'>chiales</span> <span class='ocrx_word' id='word_1_228' title='bbox 641 3307 674 3362; x_wconf 91' lang='lat' dir='ltr'>et</span> <span class='ocrx_word' id='word_1_229' title='bbox 700 3299 819 3378; x_wconf 89' lang='lat' dir='ltr'>vicarii,</span> <span class='ocrx_word' id='word_1_230' title='bbox 843 3297 923 3362; x_wconf 92' lang='lat' dir='ltr'>olim</span> <span class='ocrx_word' id='word_1_231' title='bbox 950 3300 1039 3362; x_wconf 92' lang='lat' dir='ltr'>enim</span> <span class='ocrx_word' id='word_1_232' title='bbox 1064 3317 1130 3361; x_wconf 91' lang='lat' dir='ltr'>una</span> <span class='ocrx_word' id='word_1_233' title='bbox 1160 3296 1296 3362; x_wconf 89' lang='lat' dir='ltr'>ecclesia</span> <span class='ocrx_word' id='word_1_234' title='bbox 1323 3317 1379 3359; x_wconf 89' lang='lat' dir='ltr'>seu</span> <span class='ocrx_word' id='word_1_235' title='bbox 1406 3317 1471 3359; x_wconf 91' lang='lat' dir='ltr'>una</span> <span class='ocrx_word' id='word_1_236' title='bbox 1495 3296 1573 3360; x_wconf 88' lang='lat' dir='ltr'>villa</span> <span class='ocrx_word' id='word_1_237' title='bbox 1598 3295 1714 3361; x_wconf 91' lang='lat' dir='ltr'>habuit</span> <span class='ocrx_word' id='word_1_238' title='bbox 1744 3315 1846 3358; x_wconf 91' lang='lat' dir='ltr'>unum</span> 
     </span>
     <span class='ocr_line' id='line_1_25' title="bbox 493 3418 1845 3503; baseline -0.003 -19"><span class='ocrx_word' id='word_1_239' title='bbox 493 3421 685 3503; x_wconf 90' lang='lat' dir='ltr'>episcopum</span> <span class='ocrx_word' id='word_1_240' title='bbox 704 3441 800 3484; x_wconf 90' lang='lat' dir='ltr'>suum</span> <span class='ocrx_word' id='word_1_241' title='bbox 819 3431 979 3485; x_wconf 90' lang='lat' dir='ltr'>rectorem</span> <span class='ocrx_word' id='word_1_242' title='bbox 1002 3428 1034 3482; x_wconf 92' lang='lat' dir='ltr'>et</span> <span class='ocrx_word' id='word_1_243' title='bbox 1050 3437 1162 3482; x_wconf 90' lang='lat' dir='ltr'>secum</span> <span class='ocrx_word' id='word_1_244' title='bbox 1178 3427 1407 3500; x_wconf 88' lang='lat' dir='ltr'>cooperatores</span> <span class='ocrx_word' id='word_1_245' title='bbox 1428 3418 1634 3501; x_wconf 89' lang='lat' dir='ltr'>presbiteros,</span> <span class='ocrx_word' id='word_1_246' title='bbox 1650 3419 1707 3499; x_wconf 91' lang='lat' dir='ltr'>qui</span> <span class='ocrx_word' id='word_1_247' title='bbox 1726 3419 1755 3480; x_wconf 91' lang='lat' dir='ltr'>ei</span> <span class='ocrx_word' id='word_1_248' title='bbox 1776 3418 1845 3482; x_wconf 91' lang='lat' dir='ltr'>dati</span> 
     </span>
     <span class='ocr_line' id='line_1_26' title="bbox 493 3539 1846 3622; baseline -0.001 -18"><span class='ocrx_word' id='word_1_249' title='bbox 493 3550 588 3604; x_wconf 89' lang='lat' dir='ltr'>erant</span> <span class='ocrx_word' id='word_1_250' title='bbox 618 3541 652 3604; x_wconf 93' lang='lat' dir='ltr'>in</span> <span class='ocrx_word' id='word_1_251' title='bbox 681 3539 851 3618; x_wconf 85' lang='lat' dir='ltr'>auxilium,</span> <span class='ocrx_word' id='word_1_252' title='bbox 881 3550 918 3603; x_wconf 96' lang='lat' dir='ltr'>ut</span> <span class='ocrx_word' id='word_1_253' title='bbox 944 3539 1046 3603; x_wconf 90' lang='lat' dir='ltr'>levius</span> <span class='ocrx_word' id='word_1_254' title='bbox 1072 3559 1156 3603; x_wconf 91' lang='lat' dir='ltr'>onus</span> <span class='ocrx_word' id='word_1_255' title='bbox 1182 3549 1337 3622; x_wconf 87' lang='lat' dir='ltr'>portaret,</span> <span class='ocrx_word' id='word_1_256' title='bbox 1363 3546 1397 3601; x_wconf 91' lang='lat' dir='ltr'>et</span> <span class='ocrx_word' id='word_1_257' title='bbox 1423 3547 1460 3604; x_wconf 93' lang='lat' dir='ltr'>ut</span> <span class='ocrx_word' id='word_1_258' title='bbox 1484 3559 1559 3602; x_wconf 92' lang='lat' dir='ltr'>cum</span> <span class='ocrx_word' id='word_1_259' title='bbox 1585 3561 1625 3603; x_wconf 91' lang='lat' dir='ltr'>eo</span> <span class='ocrx_word' id='word_1_260' title='bbox 1650 3548 1846 3620; x_wconf 88' lang='lat' dir='ltr'>coagerent;</span> 
     </span>
     <span class='ocr_line' id='line_1_27' title="bbox 493 3659 1846 3743; baseline 0.001 -20"><span class='ocrx_word' id='word_1_261' title='bbox 493 3681 560 3724; x_wconf 91' lang='lat' dir='ltr'>non</span> <span class='ocrx_word' id='word_1_262' title='bbox 583 3671 695 3724; x_wconf 91' lang='lat' dir='ltr'>autem</span> <span class='ocrx_word' id='word_1_263' title='bbox 718 3671 896 3724; x_wconf 90' lang='lat' dir='ltr'>excusatur</span> <span class='ocrx_word' id='word_1_264' title='bbox 919 3662 1102 3743; x_wconf 90' lang='lat' dir='ltr'>episcopus,</span> <span class='ocrx_word' id='word_1_265' title='bbox 1125 3681 1165 3724; x_wconf 93' lang='lat' dir='ltr'>eo</span> <span class='ocrx_word' id='word_1_266' title='bbox 1191 3661 1281 3743; x_wconf 93' lang='lat' dir='ltr'>quod</span> <span class='ocrx_word' id='word_1_267' title='bbox 1312 3659 1585 3743; x_wconf 89' lang='lat' dir='ltr'>superintendens</span> <span class='ocrx_word' id='word_1_268' title='bbox 1611 3669 1663 3724; x_wconf 92' lang='lat' dir='ltr'>est</span> <span class='ocrx_word' id='word_1_269' title='bbox 1685 3681 1781 3738; x_wconf 70' lang='lat' dir='ltr'>curae,</span> <span class='ocrx_word' id='word_1_270' title='bbox 1803 3660 1846 3724; x_wconf 89' lang='lat' dir='ltr'>ab</span> 
     </span>
     <span class='ocr_line' id='line_1_28' title="bbox 492 3781 1847 3865; baseline -0.001 -19"><span class='ocrx_word' id='word_1_271' title='bbox 492 3793 569 3848; x_wconf 91' lang='lat' dir='ltr'>actu</span> <span class='ocrx_word' id='word_1_272' title='bbox 592 3781 750 3846; x_wconf 89' lang='lat' dir='ltr'>inferioris</span> <span class='ocrx_word' id='word_1_273' title='bbox 773 3783 874 3846; x_wconf 88' lang='lat' dir='ltr'>curati</span> <span class='ocrx_word' id='word_1_274' title='bbox 898 3783 1093 3846; x_wconf 90' lang='lat' dir='ltr'>necessitate</span> <span class='ocrx_word' id='word_1_275' title='bbox 1116 3792 1263 3864; x_wconf 88' lang='lat' dir='ltr'>urgente,</span> <span class='ocrx_word' id='word_1_276' title='bbox 1279 3783 1357 3864; x_wconf 90' lang='lat' dir='ltr'>quia</span> <span class='ocrx_word' id='word_1_277' title='bbox 1381 3792 1556 3865; x_wconf 90' lang='lat' dir='ltr'>utrumque</span> <span class='ocrx_word' id='word_1_278' title='bbox 1578 3791 1688 3847; x_wconf 89' lang='lat' dir='ltr'>actum</span> <span class='ocrx_word' id='word_1_279' title='bbox 1711 3781 1847 3846; x_wconf 86' lang='lat' dir='ltr'>diversis</span> 
     </span>
     <span class='ocr_line' id='line_1_29' title="bbox 492 3903 1379 3986; baseline 0 -18"><span class='ocrx_word' id='word_1_280' title='bbox 492 3905 618 3969; x_wconf 90' lang='lat' dir='ltr'>vicibus</span> <span class='ocrx_word' id='word_1_281' title='bbox 641 3913 675 3966; x_wconf 93' lang='lat' dir='ltr'>et</span> <span class='ocrx_word' id='word_1_282' title='bbox 699 3903 904 3985; x_wconf 90' lang='lat' dir='ltr'>interpolatis</span> <span class='ocrx_word' id='word_1_283' title='bbox 927 3904 1053 3968; x_wconf 88' lang='lat' dir='ltr'>vicibus</span> <span class='ocrx_word' id='word_1_284' title='bbox 1078 3913 1189 3986; x_wconf 92' lang='lat' dir='ltr'>potest</span> <span class='ocrx_word' id='word_1_285' title='bbox 1215 3903 1379 3986; x_wconf 87' lang='lat' dir='ltr'>perficere.</span> 
     </span>
    </p>

    <p class='ocr_par' dir='ltr' id='par_1_6' title="bbox 492 4022 1845 4350">
     <span class='ocr_line' id='line_1_30' title="bbox 579 4022 1844 4107; baseline 0.003 -24"><span class='ocrx_word' id='word_1_286' title='bbox 579 4033 617 4098; x_wconf 83' lang='lat' dir='ltr'>[p.</span> <span class='ocrx_word' id='word_1_287' title='bbox 649 4031 717 4098; x_wconf 74' lang='lat'>35²]</span> <span class='ocrx_word' id='word_1_288' title='bbox 778 4023 852 4107; x_wconf 88' lang='lat' dir='ltr'>Ego</span> <span class='ocrx_word' id='word_1_289' title='bbox 886 4025 983 4102; x_wconf 90' lang='lat' dir='ltr'>enim,</span> <span class='ocrx_word' id='word_1_290' title='bbox 1018 4023 1136 4088; x_wconf 92' lang='lat' dir='ltr'>doctor</span> <span class='ocrx_word' id='word_1_291' title='bbox 1172 4022 1320 4088; x_wconf 87' lang='lat' dir='ltr'>Thomas</span> <span class='ocrx_word' id='word_1_292' title='bbox 1358 4035 1390 4088; x_wconf 96' lang='lat' dir='ltr'>et</span> <span class='ocrx_word' id='word_1_293' title='bbox 1430 4023 1652 4088; x_wconf 89' lang='lat' dir='ltr'>Cancellarius</span> <span class='ocrx_word' id='word_1_294' title='bbox 1692 4024 1844 4102; x_wconf 84' lang='lat' dir='ltr'>Oxoniae,</span> 
     </span>
     <span class='ocr_line' id='line_1_31' title="bbox 493 4144 1845 4228; baseline 0.003 -22"><span class='ocrx_word' id='word_1_295' title='bbox 493 4164 609 4226; x_wconf 86' lang='lat' dir='ltr'>regens</span> <span class='ocrx_word' id='word_1_296' title='bbox 632 4144 754 4208; x_wconf 92' lang='lat' dir='ltr'>ibidem</span> <span class='ocrx_word' id='word_1_297' title='bbox 784 4167 841 4228; x_wconf 90' lang='lat' dir='ltr'>per</span> <span class='ocrx_word' id='word_1_298' title='bbox 866 4147 912 4209; x_wconf 88' lang='lat' dir='ltr'>xii</span> <span class='ocrx_word' id='word_1_299' title='bbox 936 4165 1042 4209; x_wconf 92' lang='lat' dir='ltr'>annos</span> <span class='ocrx_word' id='word_1_300' title='bbox 1068 4146 1101 4208; x_wconf 96' lang='lat' dir='ltr'>in</span> <span class='ocrx_word' id='word_1_301' title='bbox 1128 4165 1220 4209; x_wconf 88' lang='lat' dir='ltr'>sacra</span> <span class='ocrx_word' id='word_1_302' title='bbox 1242 4145 1418 4227; x_wconf 85' lang='lat' dir='ltr'>theologia,</span> <span class='ocrx_word' id='word_1_303' title='bbox 1443 4147 1523 4210; x_wconf 90' lang='lat' dir='ltr'>dum</span> <span class='ocrx_word' id='word_1_304' title='bbox 1546 4148 1661 4210; x_wconf 86' lang='lat' dir='ltr'>vixero</span> <span class='ocrx_word' id='word_1_305' title='bbox 1687 4147 1845 4228; x_wconf 79' lang='lat' dir='ltr'>plangere</span> 
     </span>
     <span class='ocr_line' id='line_1_32' title="bbox 492 4264 1844 4350; baseline 0.001 -22"><span class='ocrx_word' id='word_1_306' title='bbox 492 4273 572 4347; x_wconf 91' lang='lat' dir='ltr'>opto</span> <span class='ocrx_word' id='word_1_307' title='bbox 594 4285 703 4330; x_wconf 90' lang='lat' dir='ltr'>coram</span> <span class='ocrx_word' id='word_1_308' title='bbox 721 4266 805 4344; x_wconf 86' lang='lat' dir='ltr'>Deo,</span> <span class='ocrx_word' id='word_1_309' title='bbox 822 4287 862 4330; x_wconf 87' lang='lat' dir='ltr'>eo</span> <span class='ocrx_word' id='word_1_310' title='bbox 882 4266 972 4350; x_wconf 89' lang='lat' dir='ltr'>quod</span> <span class='ocrx_word' id='word_1_311' title='bbox 992 4287 1035 4332; x_wconf 89' lang='lat' dir='ltr'>ex</span> <span class='ocrx_word' id='word_1_312' title='bbox 1052 4264 1176 4348; x_wconf 87' lang='lat' dir='ltr'>judicio</span> <span class='ocrx_word' id='word_1_313' title='bbox 1198 4287 1272 4330; x_wconf 91' lang='lat' dir='ltr'>meo</span> <span class='ocrx_word' id='word_1_314' title='bbox 1293 4265 1415 4332; x_wconf 87' lang='lat' dir='ltr'>debitae</span> <span class='ocrx_word' id='word_1_315' title='bbox 1431 4267 1658 4350; x_wconf 85' lang='lat' dir='ltr'>praedicacioni</span> <span class='ocrx_word' id='word_1_316' title='bbox 1674 4267 1764 4332; x_wconf 89' lang='lat' dir='ltr'>verbi</span> <span class='ocrx_word' id='word_1_317' title='bbox 1781 4266 1844 4330; x_wconf 89' lang='lat' dir='ltr'>Dei</span> 
     </span>
    </p>
   </div>
   <div class='ocr_carea' id='block_1_5' title="bbox 0 0 2174 4936">
    <p class='ocr_par' dir='ltr' id='par_1_7' title="bbox 0 0 2174 4936">
     <span class='ocr_line' id='line_1_33' title="bbox 0 0 2174 4936; baseline 0 0"><span class='ocrx_word' id='word_1_318' title='bbox 0 0 2174 4936; x_wconf 95' lang='lat' dir='ltr'> </span> 
     </span>
    </p>
   </div>
  </div>
 </body>
</html>
