<?xml version="1.0" encoding="UTF-8"?>
<!DOCTYPE html PUBLIC "-//W3C//DTD XHTML 1.0 Transitional//EN"
    "http://www.w3.org/TR/xhtml1/DTD/xhtml1-transitional.dtd">
<html xmlns="http://www.w3.org/1999/xhtml" xml:lang="en" lang="en">
 <head>
  <title>
</title>
<meta http-equiv="Content-Type" content="text/html;charset=utf-8" />
  <meta name='ocr-system' content='tesseract 3.04.00' />
  <meta name='ocr-capabilities' content='ocr_page ocr_carea ocr_par ocr_line ocrx_word'/>
</head>
<body>
  <div class='ocr_page' id='page_1' title='image "./locielibroverit01gascgoog_0287.png"; bbox 0 0 4322 4936; ppageno 0'>
   <div class='ocr_carea' id='block_1_1' title="bbox 482 365 1460 437">
    <p class='ocr_par' dir='ltr' id='par_1_1' title="bbox 482 365 1460 437">
     <span class='ocr_line' id='line_1_1' title="bbox 482 365 1460 437; baseline 0.008 -19"><span class='ocrx_word' id='word_1_1' title='bbox 482 369 545 437; x_wconf 85' lang='lat'>174</span> <span class='ocrx_word' id='word_1_2' title='bbox 857 365 958 423; x_wconf 86' lang='lat' dir='ltr'><em>LOCI</em></span> <span class='ocrx_word' id='word_1_3' title='bbox 982 367 1012 420; x_wconf 93' lang='lat' dir='ltr'><em>E</em></span> <span class='ocrx_word' id='word_1_4' title='bbox 1040 366 1166 422; x_wconf 89' lang='lat' dir='ltr'><em>LIBRO</em></span> <span class='ocrx_word' id='word_1_5' title='bbox 1201 368 1460 427; x_wconf 80' lang='lat' dir='ltr'><em>VERITATUM.</em></span> 
     </span>
    </p>
   </div>
   <div class='ocr_carea' id='block_1_2' title="bbox 477 577 1837 3928">
    <p class='ocr_par' dir='ltr' id='par_1_2' title="bbox 479 577 1836 1265">
     <span class='ocr_line' id='line_1_2' title="bbox 481 577 1836 668; baseline -0.001 -22"><span class='ocrx_word' id='word_1_6' title='bbox 481 579 663 647; x_wconf 90' lang='lat' dir='ltr'>bachilario</span> <span class='ocrx_word' id='word_1_7' title='bbox 685 599 786 644; x_wconf 72' lang='lat' dir='ltr'>sacrae</span> <span class='ocrx_word' id='word_1_8' title='bbox 809 577 1004 661; x_wconf 83' lang='lat' dir='ltr'>Theologiae</span> <span class='ocrx_word' id='word_1_9' title='bbox 1028 577 1172 643; x_wconf 88' lang='lat' dir='ltr'>Oxoniae</span> <span class='ocrx_word' id='word_1_10' title='bbox 1196 580 1229 642; x_wconf 90' lang='lat' dir='ltr'>in</span> <span class='ocrx_word' id='word_1_11' title='bbox 1251 580 1386 664; x_wconf 86' lang='lat' dir='ltr'>Anglia‚</span> <span class='ocrx_word' id='word_1_12' title='bbox 1416 592 1451 646; x_wconf 92' lang='lat' dir='ltr'>et</span> <span class='ocrx_word' id='word_1_13' title='bbox 1473 583 1534 648; x_wconf 93' lang='lat' dir='ltr'>sub</span> <span class='ocrx_word' id='word_1_14' title='bbox 1556 581 1708 665; x_wconf 88' lang='lat' dir='ltr'>Johanne</span> <span class='ocrx_word' id='word_1_15' title='bbox 1726 579 1836 668; x_wconf 81' lang='lat' dir='ltr'>xxiij⁰,</span> 
     </span>
     <span class='ocr_line' id='line_1_3' title="bbox 480 699 1835 786; baseline -0.001 -20"><span class='ocrx_word' id='word_1_16' title='bbox 480 703 634 784; x_wconf 88' lang='lat' dir='ltr'>deposito</span> <span class='ocrx_word' id='word_1_17' title='bbox 664 723 685 766; x_wconf 91' lang='lat' dir='ltr'>a</span> <span class='ocrx_word' id='word_1_18' title='bbox 709 709 834 783; x_wconf 86' lang='lat' dir='ltr'>papatu</span> <span class='ocrx_word' id='word_1_19' title='bbox 865 700 899 762; x_wconf 91' lang='lat' dir='ltr'>in</span> <span class='ocrx_word' id='word_1_20' title='bbox 929 699 1067 763; x_wconf 91' lang='lat' dir='ltr'>concilio</span> <span class='ocrx_word' id='word_1_21' title='bbox 1098 710 1133 764; x_wconf 90' lang='lat' dir='ltr'>et</span> <span class='ocrx_word' id='word_1_22' title='bbox 1161 721 1221 782; x_wconf 89' lang='lat' dir='ltr'>per</span> <span class='ocrx_word' id='word_1_23' title='bbox 1250 702 1425 766; x_wconf 90' lang='lat' dir='ltr'>concilium</span> <span class='ocrx_word' id='word_1_24' title='bbox 1451 704 1607 786; x_wconf 88' lang='lat' dir='ltr'>generale</span> <span class='ocrx_word' id='word_1_25' title='bbox 1639 703 1835 768; x_wconf 87' lang='lat' dir='ltr'>Constanci-</span> 
     </span>
     <span class='ocr_line' id='line_1_4' title="bbox 481 819 1836 904; baseline -0.001 -17"><span class='ocrx_word' id='word_1_26' title='bbox 481 843 571 901; x_wconf 86' lang='lat' dir='ltr'>enee,</span> <span class='ocrx_word' id='word_1_27' title='bbox 595 831 630 886; x_wconf 93' lang='lat' dir='ltr'>et</span> <span class='ocrx_word' id='word_1_28' title='bbox 659 821 722 884; x_wconf 92' lang='lat' dir='ltr'>sub</span> <span class='ocrx_word' id='word_1_29' title='bbox 753 819 899 884; x_wconf 89' lang='lat' dir='ltr'>Martino</span> <span class='ocrx_word' id='word_1_30' title='bbox 922 825 966 898; x_wconf 85' lang='lat'>5⁰,</span> <span class='ocrx_word' id='word_1_31' title='bbox 991 831 1025 884; x_wconf 89' lang='lat' dir='ltr'>et</span> <span class='ocrx_word' id='word_1_32' title='bbox 1053 819 1204 903; x_wconf 87' lang='lat' dir='ltr'>Eugenio</span> <span class='ocrx_word' id='word_1_33' title='bbox 1226 829 1270 901; x_wconf 89' lang='lat'>4⁰,</span> <span class='ocrx_word' id='word_1_34' title='bbox 1298 834 1331 887; x_wconf 89' lang='lat' dir='ltr'>et</span> <span class='ocrx_word' id='word_1_35' title='bbox 1353 824 1415 888; x_wconf 88' lang='lat' dir='ltr'>sub</span> <span class='ocrx_word' id='word_1_36' title='bbox 1439 825 1604 889; x_wconf 92' lang='lat' dir='ltr'>Nicholao</span> <span class='ocrx_word' id='word_1_37' title='bbox 1627 833 1674 904; x_wconf 89' lang='lat'>5⁰,</span> <span class='ocrx_word' id='word_1_38' title='bbox 1699 827 1836 888; x_wconf 91' lang='lat' dir='ltr'>doctore</span> 
     </span>
     <span class='ocr_line' id='line_1_5' title="bbox 479 939 1834 1024; baseline -0.001 -16"><span class='ocrx_word' id='word_1_39' title='bbox 479 965 582 1009; x_wconf 85' lang='lat' dir='ltr'>sacrae</span> <span class='ocrx_word' id='word_1_40' title='bbox 604 941 807 1024; x_wconf 82' lang='lat' dir='ltr'>Theologiae‚</span> <span class='ocrx_word' id='word_1_41' title='bbox 828 941 861 1004; x_wconf 92' lang='lat' dir='ltr'>in</span> <span class='ocrx_word' id='word_1_42' title='bbox 884 939 999 1005; x_wconf 84' lang='lat' dir='ltr'>habitu</span> <span class='ocrx_word' id='word_1_43' title='bbox 1021 941 1169 1018; x_wconf 89' lang='lat' dir='ltr'>seculari,</span> <span class='ocrx_word' id='word_1_44' title='bbox 1191 943 1225 1004; x_wconf 94' lang='lat' dir='ltr'>in</span> <span class='ocrx_word' id='word_1_45' title='bbox 1249 942 1472 1010; x_wconf 87' lang='lat' dir='ltr'>Universitate</span> <span class='ocrx_word' id='word_1_46' title='bbox 1487 946 1633 1023; x_wconf 87' lang='lat' dir='ltr'>Viennae,</span> <span class='ocrx_word' id='word_1_47' title='bbox 1655 946 1688 1007; x_wconf 94' lang='lat' dir='ltr'>in</span> <span class='ocrx_word' id='word_1_48' title='bbox 1711 945 1834 1008; x_wconf 89' lang='lat' dir='ltr'>ducatu</span> 
     </span>
     <span class='ocr_line' id='line_1_6' title="bbox 480 1063 1835 1148; baseline -0.002 -19"><span class='ocrx_word' id='word_1_49' title='bbox 480 1064 636 1144; x_wconf 86' lang='lat' dir='ltr'>Austriae,</span> <span class='ocrx_word' id='word_1_50' title='bbox 663 1074 698 1128; x_wconf 92' lang='lat' dir='ltr'>et</span> <span class='ocrx_word' id='word_1_51' title='bbox 723 1064 785 1128; x_wconf 88' lang='lat' dir='ltr'>sub</span> <span class='ocrx_word' id='word_1_52' title='bbox 809 1063 945 1128; x_wconf 88' lang='lat' dir='ltr'>Calixto</span> <span class='ocrx_word' id='word_1_53' title='bbox 968 1069 1011 1148; x_wconf 85' lang='lat'>3⁰,</span> <span class='ocrx_word' id='word_1_54' title='bbox 1034 1065 1091 1146; x_wconf 93' lang='lat' dir='ltr'>qui</span> <span class='ocrx_word' id='word_1_55' title='bbox 1117 1063 1181 1128; x_wconf 89' lang='lat' dir='ltr'>hoc</span> <span class='ocrx_word' id='word_1_56' title='bbox 1206 1085 1294 1128; x_wconf 89' lang='lat' dir='ltr'>anno</span> <span class='ocrx_word' id='word_1_57' title='bbox 1315 1065 1375 1128; x_wconf 91' lang='lat' dir='ltr'>Xti</span> <span class='ocrx_word' id='word_1_58' title='bbox 1402 1067 1493 1142; x_wconf 90' lang='lat' dir='ltr'>vivit,</span> <span class='ocrx_word' id='word_1_59' title='bbox 1520 1087 1564 1130; x_wconf 92' lang='lat' dir='ltr'>sc.</span> <span class='ocrx_word' id='word_1_60' title='bbox 1586 1086 1674 1130; x_wconf 90' lang='lat' dir='ltr'>anno</span> <span class='ocrx_word' id='word_1_61' title='bbox 1697 1065 1835 1128; x_wconf 88' lang='lat' dir='ltr'>Domini</span> 
     </span>
     <span class='ocr_line' id='line_1_7' title="bbox 481 1185 677 1265; baseline 0 -16"><span class='ocrx_word' id='word_1_62' title='bbox 481 1185 544 1249; x_wconf 91' lang='lat' dir='ltr'>Xti</span> <span class='ocrx_word' id='word_1_63' title='bbox 570 1191 677 1265; x_wconf 79' lang='lat'><strong>14570.</strong></span> 
     </span>
    </p>

    <p class='ocr_par' dir='ltr' id='par_1_3' title="bbox 479 1306 1837 1993">
     <span class='ocr_line' id='line_1_8' title="bbox 567 1306 1834 1383; baseline 0.002 -18"><span class='ocrx_word' id='word_1_64' title='bbox 567 1315 607 1383; x_wconf 80' lang='lat' dir='ltr'>[p.</span> <span class='ocrx_word' id='word_1_65' title='bbox 632 1314 700 1381; x_wconf 62' lang='lat' dir='ltr'>aaa]</span> <span class='ocrx_word' id='word_1_66' title='bbox 744 1313 872 1370; x_wconf 82' lang='lat' dir='ltr'>Paulus</span> <span class='ocrx_word' id='word_1_67' title='bbox 891 1313 1076 1382; x_wconf 75' lang='lat' dir='ltr'><strong>Apostolus</strong></span> <span class='ocrx_word' id='word_1_68' title='bbox 1091 1312 1206 1381; x_wconf 75' lang='lat' dir='ltr'>Virgo.</span> <span class='ocrx_word' id='word_1_69' title='bbox 1254 1307 1339 1372; x_wconf 84' lang='lat' dir='ltr'>Haec</span> <span class='ocrx_word' id='word_1_70' title='bbox 1361 1308 1515 1372; x_wconf 89' lang='lat' dir='ltr'>dominus</span> <span class='ocrx_word' id='word_1_71' title='bbox 1538 1306 1778 1372; x_wconf 85' lang='lat' dir='ltr'>Lincolniensis</span> <span class='ocrx_word' id='word_1_72' title='bbox 1801 1306 1834 1368; x_wconf 94' lang='lat' dir='ltr'>in</span> 
     </span>
     <span class='ocr_line' id='line_1_9' title="bbox 480 1425 1836 1512; baseline -0.001 -22"><span class='ocrx_word' id='word_1_73' title='bbox 480 1425 547 1490; x_wconf 87' lang='lat' dir='ltr'>fine</span> <span class='ocrx_word' id='word_1_74' title='bbox 576 1427 759 1491; x_wconf 91' lang='lat' dir='ltr'>communis</span> <span class='ocrx_word' id='word_1_75' title='bbox 788 1425 892 1509; x_wconf 82' lang='lat' dir='ltr'>glosae</span> <span class='ocrx_word' id='word_1_76' title='bbox 921 1447 1021 1508; x_wconf 92' lang='lat' dir='ltr'>super</span> <span class='ocrx_word' id='word_1_77' title='bbox 1044 1425 1212 1508; x_wconf 86' lang='lat' dir='ltr'>Epistolas</span> <span class='ocrx_word' id='word_1_78' title='bbox 1239 1426 1353 1493; x_wconf 86' lang='lat' dir='ltr'>Sancti</span> <span class='ocrx_word' id='word_1_79' title='bbox 1385 1428 1500 1507; x_wconf 83' lang='lat' dir='ltr'>Pau1i;</span> <span class='ocrx_word' id='word_1_80' title='bbox 1535 1437 1569 1492; x_wconf 91' lang='lat' dir='ltr'>et</span> <span class='ocrx_word' id='word_1_81' title='bbox 1597 1449 1660 1512; x_wconf 85' lang='lat' dir='ltr'>ego</span> <span class='ocrx_word' id='word_1_82' title='bbox 1685 1426 1836 1490; x_wconf 85' lang='lat' dir='ltr'>Thomas</span> 
     </span>
     <span class='ocr_line' id='line_1_10' title="bbox 481 1546 1837 1631; baseline -0.001 -19"><span class='ocrx_word' id='word_1_83' title='bbox 481 1547 677 1630; x_wconf 86' lang='lat' dir='ltr'>Gascoigne,</span> <span class='ocrx_word' id='word_1_84' title='bbox 702 1556 783 1611; x_wconf 90' lang='lat' dir='ltr'>tunc</span> <span class='ocrx_word' id='word_1_85' title='bbox 810 1546 1035 1612; x_wconf 88' lang='lat' dir='ltr'>Cancellarius</span> <span class='ocrx_word' id='word_1_86' title='bbox 1063 1546 1273 1626; x_wconf 89' lang='lat' dir='ltr'>Oxoniensis,</span> <span class='ocrx_word' id='word_1_87' title='bbox 1301 1550 1369 1612; x_wconf 90' lang='lat' dir='ltr'>vidi</span> <span class='ocrx_word' id='word_1_88' title='bbox 1395 1549 1467 1614; x_wconf 89' lang='lat' dir='ltr'>haec</span> <span class='ocrx_word' id='word_1_89' title='bbox 1493 1550 1615 1631; x_wconf 86' lang='lat' dir='ltr'>scripta</span> <span class='ocrx_word' id='word_1_90' title='bbox 1644 1569 1744 1612; x_wconf 91' lang='lat' dir='ltr'>manu</span> <span class='ocrx_word' id='word_1_91' title='bbox 1774 1567 1837 1610; x_wconf 89' lang='lat' dir='ltr'>sua</span> 
     </span>
     <span class='ocr_line' id='line_1_11' title="bbox 479 1667 1835 1753; baseline -0.003 -21"><span class='ocrx_word' id='word_1_92' title='bbox 479 1669 612 1753; x_wconf 90' lang='lat' dir='ltr'>propria</span> <span class='ocrx_word' id='word_1_93' title='bbox 636 1669 669 1731; x_wconf 95' lang='lat' dir='ltr'>in</span> <span class='ocrx_word' id='word_1_94' title='bbox 695 1668 779 1734; x_wconf 94' lang='lat' dir='ltr'>libro</span> <span class='ocrx_word' id='word_1_95' title='bbox 806 1690 875 1747; x_wconf 89' lang='lat' dir='ltr'>suo,</span> <span class='ocrx_word' id='word_1_96' title='bbox 902 1689 978 1750; x_wconf 86' lang='lat' dir='ltr'>quae</span> <span class='ocrx_word' id='word_1_97' title='bbox 1002 1668 1193 1734; x_wconf 90' lang='lat' dir='ltr'>continebat</span> <span class='ocrx_word' id='word_1_98' title='bbox 1222 1689 1433 1735; x_wconf 90' lang='lat' dir='ltr'>communem</span> <span class='ocrx_word' id='word_1_99' title='bbox 1459 1670 1588 1752; x_wconf 84' lang='lat' dir='ltr'>glosam</span> <span class='ocrx_word' id='word_1_100' title='bbox 1615 1689 1714 1752; x_wconf 90' lang='lat' dir='ltr'>super</span> <span class='ocrx_word' id='word_1_101' title='bbox 1736 1667 1835 1750; x_wconf 87' lang='lat' dir='ltr'>Epis·</span> 
     </span>
     <span class='ocr_line' id='line_1_12' title="bbox 480 1788 1835 1872; baseline -0.002 -20"><span class='ocrx_word' id='word_1_102' title='bbox 480 1789 586 1853; x_wconf 91' lang='lat' dir='ltr'>tolam</span> <span class='ocrx_word' id='word_1_103' title='bbox 617 1788 733 1853; x_wconf 84' lang='lat' dir='ltr'>Sancti</span> <span class='ocrx_word' id='word_1_104' title='bbox 763 1789 866 1866; x_wconf 93' lang='lat' dir='ltr'>Pauli,</span> <span class='ocrx_word' id='word_1_105' title='bbox 899 1799 934 1853; x_wconf 89' lang='lat' dir='ltr'>et</span> <span class='ocrx_word' id='word_1_106' title='bbox 963 1789 1115 1854; x_wconf 88' lang='lat' dir='ltr'>scribitur</span> <span class='ocrx_word' id='word_1_107' title='bbox 1143 1790 1177 1852; x_wconf 91' lang='lat' dir='ltr'>in</span> <span class='ocrx_word' id='word_1_108' title='bbox 1207 1791 1390 1872; x_wconf 94' lang='lat' dir='ltr'>penultimo</span> <span class='ocrx_word' id='word_1_109' title='bbox 1421 1790 1499 1854; x_wconf 85' lang='lat' dir='ltr'>folio</span> <span class='ocrx_word' id='word_1_110' title='bbox 1530 1790 1616 1853; x_wconf 93' lang='lat' dir='ltr'>illius</span> <span class='ocrx_word' id='word_1_111' title='bbox 1645 1789 1719 1852; x_wconf 88' lang='lat' dir='ltr'>libri</span> <span class='ocrx_word' id='word_1_112' title='bbox 1749 1789 1835 1851; x_wconf 87' lang='lat' dir='ltr'>inter</span> 
     </span>
     <span class='ocr_line' id='line_1_13' title="bbox 480 1909 1673 1993; baseline 0.002 -21"><span class='ocrx_word' id='word_1_113' title='bbox 480 1909 597 1975; x_wconf 83' lang='lat' dir='ltr'>fratres</span> <span class='ocrx_word' id='word_1_114' title='bbox 620 1911 763 1974; x_wconf 92' lang='lat' dir='ltr'>minores</span> <span class='ocrx_word' id='word_1_115' title='bbox 787 1909 940 1984; x_wconf 86' lang='lat' dir='ltr'>Oxoniae,</span> <span class='ocrx_word' id='word_1_116' title='bbox 965 1918 998 1972; x_wconf 88' lang='lat' dir='ltr'>et</span> <span class='ocrx_word' id='word_1_117' title='bbox 1021 1909 1104 1974; x_wconf 91' lang='lat' dir='ltr'>liber</span> <span class='ocrx_word' id='word_1_118' title='bbox 1126 1911 1319 1992; x_wconf 87' lang='lat' dir='ltr'>registratur</span> <span class='ocrx_word' id='word_1_119' title='bbox 1341 1910 1503 1993; x_wconf 87' lang='lat' dir='ltr'>Epistolae</span> <span class='ocrx_word' id='word_1_120' title='bbox 1529 1909 1621 1975; x_wconf 90' lang='lat' dir='ltr'>Pauli</span> <span class='ocrx_word' id='word_1_121' title='bbox 1644 1931 1673 1974; x_wconf 90' lang='lat' dir='ltr'>a.</span> 
     </span>
    </p>

    <p class='ocr_par' dir='ltr' id='par_1_4' title="bbox 477 2028 1834 3928">
     <span class='ocr_line' id='line_1_14' title="bbox 566 2028 1834 2112; baseline 0.001 -20"><span class='ocrx_word' id='word_1_122' title='bbox 566 2041 606 2108; x_wconf 81' lang='lat' dir='ltr'>[p.</span> <span class='ocrx_word' id='word_1_123' title='bbox 624 2039 696 2109; x_wconf 83' lang='lat'>296.]</span> <span class='ocrx_word' id='word_1_124' title='bbox 739 2039 934 2094; x_wconf 76' lang='lat' dir='ltr'><strong>Peccatum.</strong></span> <span class='ocrx_word' id='word_1_125' title='bbox 979 2031 1067 2094; x_wconf 90' lang='lat' dir='ltr'>Novi</span> <span class='ocrx_word' id='word_1_126' title='bbox 1090 2031 1178 2094; x_wconf 92' lang='lat' dir='ltr'>enim</span> <span class='ocrx_word' id='word_1_127' title='bbox 1202 2053 1305 2094; x_wconf 91' lang='lat' dir='ltr'>unum</span> <span class='ocrx_word' id='word_1_128' title='bbox 1327 2032 1455 2096; x_wconf 81' lang='lat' dir='ltr'>fatuum</span> <span class='ocrx_word' id='word_1_129' title='bbox 1482 2031 1675 2107; x_wconf 84' lang='lat' dir='ltr'>naturalem,</span> <span class='ocrx_word' id='word_1_130' title='bbox 1694 2030 1750 2112; x_wconf 92' lang='lat' dir='ltr'>qui</span> <span class='ocrx_word' id='word_1_131' title='bbox 1773 2028 1834 2093; x_wconf 87' lang='lat' dir='ltr'>luit</span> 
     </span>
     <span class='ocr_line' id='line_1_15' title="bbox 478 2151 1832 2234; baseline -0.003 -18"><span class='ocrx_word' id='word_1_132' title='bbox 478 2153 632 2216; x_wconf 86' lang='lat' dir='ltr'>sacerdos</span> <span class='ocrx_word' id='word_1_133' title='bbox 657 2161 691 2215; x_wconf 90' lang='lat' dir='ltr'>et</span> <span class='ocrx_word' id='word_1_134' title='bbox 717 2151 974 2228; x_wconf 87' lang='lat' dir='ltr'>archidiaconus,</span> <span class='ocrx_word' id='word_1_135' title='bbox 994 2160 1028 2214; x_wconf 92' lang='lat' dir='ltr'>et</span> <span class='ocrx_word' id='word_1_136' title='bbox 1052 2151 1169 2215; x_wconf 84' lang='lat' dir='ltr'>habuit</span> <span class='ocrx_word' id='word_1_137' title='bbox 1192 2152 1238 2234; x_wconf 90' lang='lat' dir='ltr'>xij</span> <span class='ocrx_word' id='word_1_138' title='bbox 1263 2153 1458 2234; x_wconf 84' lang='lat' dir='ltr'>praebendas</span> <span class='ocrx_word' id='word_1_139' title='bbox 1481 2151 1588 2227; x_wconf 92' lang='lat' dir='ltr'>simul,</span> <span class='ocrx_word' id='word_1_140' title='bbox 1609 2160 1642 2216; x_wconf 91' lang='lat' dir='ltr'>et</span> <span class='ocrx_word' id='word_1_141' title='bbox 1666 2170 1832 2233; x_wconf 88' lang='lat' dir='ltr'>nunquam</span> 
     </span>
     <span class='ocr_line' id='line_1_16' title="bbox 480 2271 1833 2355; baseline -0.003 -19"><span class='ocrx_word' id='word_1_142' title='bbox 480 2275 587 2336; x_wconf 88' lang='lat' dir='ltr'>tenuit</span> <span class='ocrx_word' id='word_1_143' title='bbox 610 2273 823 2346; x_wconf 89' lang='lat' dir='ltr'>domicilium,</span> <span class='ocrx_word' id='word_1_144' title='bbox 840 2282 874 2336; x_wconf 92' lang='lat' dir='ltr'>et</span> <span class='ocrx_word' id='word_1_145' title='bbox 897 2292 982 2336; x_wconf 92' lang='lat' dir='ltr'>unus</span> <span class='ocrx_word' id='word_1_146' title='bbox 1003 2274 1146 2354; x_wconf 83' lang='lat' dir='ltr'>armiger</span> <span class='ocrx_word' id='word_1_147' title='bbox 1169 2274 1280 2336; x_wconf 87' lang='lat' dir='ltr'>omnia</span> <span class='ocrx_word' id='word_1_148' title='bbox 1304 2294 1343 2336; x_wconf 91' lang='lat' dir='ltr'>ea</span> <span class='ocrx_word' id='word_1_149' title='bbox 1366 2273 1497 2355; x_wconf 87' lang='lat' dir='ltr'>recepit,</span> <span class='ocrx_word' id='word_1_150' title='bbox 1516 2282 1550 2336; x_wconf 92' lang='lat' dir='ltr'>et</span> <span class='ocrx_word' id='word_1_151' title='bbox 1570 2272 1634 2335; x_wconf 92' lang='lat' dir='ltr'>illis</span> <span class='ocrx_word' id='word_1_152' title='bbox 1656 2271 1753 2334; x_wconf 86' lang='lat' dir='ltr'>bonis</span> <span class='ocrx_word' id='word_1_153' title='bbox 1775 2290 1833 2352; x_wconf 91' lang='lat' dir='ltr'>per</span> 
     </span>
     <span class='ocr_line' id='line_1_17' title="bbox 478 2391 1832 2476; baseline -0.003 -20"><span class='ocrx_word' id='word_1_154' title='bbox 478 2395 590 2476; x_wconf 88' lang='lat' dir='ltr'>plures</span> <span class='ocrx_word' id='word_1_155' title='bbox 620 2414 724 2457; x_wconf 90' lang='lat' dir='ltr'>annos</span> <span class='ocrx_word' id='word_1_156' title='bbox 747 2394 888 2476; x_wconf 88' lang='lat' dir='ltr'>receptis</span> <span class='ocrx_word' id='word_1_157' title='bbox 917 2395 1004 2458; x_wconf 89' lang='lat' dir='ltr'>dixit</span> <span class='ocrx_word' id='word_1_158' title='bbox 1027 2394 1164 2476; x_wconf 82' lang='lat' dir='ltr'>praesato</span> <span class='ocrx_word' id='word_1_159' title='bbox 1188 2394 1299 2471; x_wconf 91' lang='lat' dir='ltr'>stult0,</span> <span class='ocrx_word' id='word_1_160' title='bbox 1325 2395 1457 2457; x_wconf 80' lang='lat' dir='ltr'>‘Nichil</span> <span class='ocrx_word' id='word_1_161' title='bbox 1485 2393 1579 2456; x_wconf 93' lang='lat' dir='ltr'>vobis</span> <span class='ocrx_word' id='word_1_162' title='bbox 1602 2393 1720 2467; x_wconf 89' lang='lat' dir='ltr'>debe0‚</span> <span class='ocrx_word' id='word_1_163' title='bbox 1742 2391 1832 2473; x_wconf 89' lang='lat' dir='ltr'>quod</span> 
     </span>
     <span class='ocr_line' id='line_1_18' title="bbox 479 2508 1833 2597; baseline -0.002 -20"><span class='ocrx_word' id='word_1_164' title='bbox 479 2513 593 2578; x_wconf 89' lang='lat' dir='ltr'>omnia</span> <span class='ocrx_word' id='word_1_165' title='bbox 613 2515 702 2578; x_wconf 90' lang='lat' dir='ltr'>bona</span> <span class='ocrx_word' id='word_1_166' title='bbox 721 2523 832 2578; x_wconf 87' lang='lat' dir='ltr'>vestra</span> <span class='ocrx_word' id='word_1_167' title='bbox 853 2514 984 2578; x_wconf 86' lang='lat' dir='ltr'>fuerunt</span> <span class='ocrx_word' id='word_1_168' title='bbox 1009 2515 1042 2578; x_wconf 93' lang='lat' dir='ltr'>in</span> <span class='ocrx_word' id='word_1_169' title='bbox 1069 2516 1219 2579; x_wconf 91' lang='lat' dir='ltr'>custodia</span> <span class='ocrx_word' id='word_1_170' title='bbox 1242 2515 1388 2597; x_wconf 88' lang='lat' dir='ltr'>episcopi</span> <span class='ocrx_word' id='word_1_171' title='bbox 1408 2513 1529 2579; x_wconf 90' lang='lat' dir='ltr'>Sarum</span> <span class='ocrx_word' id='word_1_172' title='bbox 1544 2512 1702 2576; x_wconf 91' lang='lat' dir='ltr'>Willelmi</span> <span class='ocrx_word' id='word_1_173' title='bbox 1717 2508 1833 2574; x_wconf 81' lang='lat' dir='ltr'>Aske’</span> 
     </span>
     <span class='ocr_line' id='line_1_19' title="bbox 479 2632 1834 2716; baseline -0.003 -16"><span class='ocrx_word' id='word_1_174' title='bbox 479 2634 527 2700; x_wconf 91' lang='lat' dir='ltr'>Et</span> <span class='ocrx_word' id='word_1_175' title='bbox 562 2635 633 2716; x_wconf 91' lang='lat' dir='ltr'>ipse</span> <span class='ocrx_word' id='word_1_176' title='bbox 667 2636 794 2699; x_wconf 90' lang='lat' dir='ltr'>occisus</span> <span class='ocrx_word' id='word_1_177' title='bbox 824 2645 875 2698; x_wconf 87' lang='lat' dir='ltr'>est</span> <span class='ocrx_word' id='word_1_178' title='bbox 904 2635 1081 2700; x_wconf 89' lang='lat' dir='ltr'>crudeliter</span> <span class='ocrx_word' id='word_1_179' title='bbox 1109 2656 1197 2700; x_wconf 92' lang='lat' dir='ltr'>anno</span> <span class='ocrx_word' id='word_1_180' title='bbox 1231 2635 1368 2698; x_wconf 90' lang='lat' dir='ltr'>Domini</span> <span class='ocrx_word' id='word_1_181' title='bbox 1399 2641 1448 2698; x_wconf 91' lang='lat' dir='ltr'>m⁰</span> <span class='ocrx_word' id='word_1_182' title='bbox 1477 2641 1566 2698; x_wconf 90' lang='lat' dir='ltr'>cccc⁰</span> <span class='ocrx_word' id='word_1_183' title='bbox 1584 2634 1619 2711; x_wconf 88' lang='lat'>1⁰,</span> <span class='ocrx_word' id='word_1_184' title='bbox 1652 2643 1687 2697; x_wconf 91' lang='lat' dir='ltr'>et</span> <span class='ocrx_word' id='word_1_185' title='bbox 1719 2632 1834 2696; x_wconf 89' lang='lat' dir='ltr'>omnia</span> 
     </span>
     <span class='ocr_line' id='line_1_20' title="bbox 478 2753 1833 2840; baseline -0.004 -18"><span class='ocrx_word' id='word_1_186' title='bbox 478 2756 568 2822; x_wconf 90' lang='lat' dir='ltr'>bona</span> <span class='ocrx_word' id='word_1_187' title='bbox 594 2777 655 2819; x_wconf 88' lang='lat' dir='ltr'>sua</span> <span class='ocrx_word' id='word_1_188' title='bbox 681 2756 823 2840; x_wconf 90' lang='lat' dir='ltr'>spoliata</span> <span class='ocrx_word' id='word_1_189' title='bbox 849 2766 883 2820; x_wconf 90' lang='lat' dir='ltr'>et</span> <span class='ocrx_word' id='word_1_190' title='bbox 906 2757 1010 2821; x_wconf 90' lang='lat' dir='ltr'>divisa</span> <span class='ocrx_word' id='word_1_191' title='bbox 1036 2757 1122 2821; x_wconf 90' lang='lat' dir='ltr'>inter</span> <span class='ocrx_word' id='word_1_192' title='bbox 1144 2755 1254 2838; x_wconf 89' lang='lat' dir='ltr'>plures</span> <span class='ocrx_word' id='word_1_193' title='bbox 1280 2757 1521 2833; x_wconf 88' lang='lat' dir='ltr'>insurrectores,</span> <span class='ocrx_word' id='word_1_194' title='bbox 1544 2755 1600 2836; x_wconf 93' lang='lat' dir='ltr'>qui</span> <span class='ocrx_word' id='word_1_195' title='bbox 1623 2755 1657 2817; x_wconf 93' lang='lat' dir='ltr'>in</span> <span class='ocrx_word' id='word_1_196' title='bbox 1679 2773 1740 2816; x_wconf 91' lang='lat' dir='ltr'>sua</span> <span class='ocrx_word' id='word_1_197' title='bbox 1763 2753 1833 2816; x_wconf 92' lang='lat' dir='ltr'>dio-</span> 
     </span>
     <span class='ocr_line' id='line_1_21' title="bbox 479 2873 1834 2959; baseline -0.003 -17"><span class='ocrx_word' id='word_1_198' title='bbox 479 2877 546 2942; x_wconf 91' lang='lat' dir='ltr'>cesi</span> <span class='ocrx_word' id='word_1_199' title='bbox 569 2898 645 2942; x_wconf 91' lang='lat' dir='ltr'>eum</span> <span class='ocrx_word' id='word_1_200' title='bbox 668 2877 880 2955; x_wconf 81' lang='lat' dir='ltr'>occiderunt3</span> <span class='ocrx_word' id='word_1_201' title='bbox 904 2887 938 2941; x_wconf 92' lang='lat' dir='ltr'>et</span> <span class='ocrx_word' id='word_1_202' title='bbox 960 2877 1007 2940; x_wconf 90' lang='lat' dir='ltr'>sic</span> <span class='ocrx_word' id='word_1_203' title='bbox 1029 2875 1140 2946; x_wconf 83' lang='lat' dir='ltr'>fatuus</span> <span class='ocrx_word' id='word_1_204' title='bbox 1162 2878 1348 2959; x_wconf 85' lang='lat' dir='ltr'>praedictus,</span> <span class='ocrx_word' id='word_1_205' title='bbox 1368 2886 1405 2940; x_wconf 91' lang='lat' dir='ltr'>ut</span> <span class='ocrx_word' id='word_1_206' title='bbox 1427 2875 1555 2953; x_wconf 91' lang='lat' dir='ltr'>dicitur,</span> <span class='ocrx_word' id='word_1_207' title='bbox 1577 2875 1669 2938; x_wconf 92' lang='lat' dir='ltr'>milia</span> <span class='ocrx_word' id='word_1_208' title='bbox 1690 2873 1834 2956; x_wconf 89' lang='lat' dir='ltr'>perdidit</span> 
     </span>
     <span class='ocr_line' id='line_1_22' title="bbox 478 2993 1833 3082; baseline -0.004 -18"><span class='ocrx_word' id='word_1_209' title='bbox 478 3000 523 3064; x_wconf 91' lang='lat' dir='ltr'>de</span> <span class='ocrx_word' id='word_1_210' title='bbox 549 3000 698 3082; x_wconf 91' lang='lat' dir='ltr'>pecunia.</span> <span class='ocrx_word' id='word_1_211' title='bbox 744 2997 791 3061; x_wconf 87' lang='lat' dir='ltr'>Et</span> <span class='ocrx_word' id='word_1_212' title='bbox 817 2997 991 3081; x_wconf 92' lang='lat' dir='ltr'>episcopus</span> <span class='ocrx_word' id='word_1_213' title='bbox 1018 2996 1202 3075; x_wconf 89' lang='lat' dir='ltr'>Cistrensis,</span> <span class='ocrx_word' id='word_1_214' title='bbox 1227 2997 1341 3062; x_wconf 86' lang='lat' dir='ltr'>Adam</span> <span class='ocrx_word' id='word_1_215' title='bbox 1369 2997 1508 3075; x_wconf 76' lang='lat' dir='ltr'>MolenS,</span> <span class='ocrx_word' id='word_1_216' title='bbox 1535 2997 1590 3079; x_wconf 92' lang='lat' dir='ltr'>qui</span> <span class='ocrx_word' id='word_1_217' title='bbox 1620 2995 1746 3060; x_wconf 91' lang='lat' dir='ltr'>occisus</span> <span class='ocrx_word' id='word_1_218' title='bbox 1772 2993 1833 3058; x_wconf 91' lang='lat' dir='ltr'>suit</span> 
     </span>
     <span class='ocr_line' id='line_1_23' title="bbox 479 3115 1833 3203; baseline -0.006 -19"><span class='ocrx_word' id='word_1_219' title='bbox 479 3141 539 3203; x_wconf 92' lang='lat' dir='ltr'>per</span> <span class='ocrx_word' id='word_1_220' title='bbox 568 3130 687 3184; x_wconf 90' lang='lat' dir='ltr'>nautas</span> <span class='ocrx_word' id='word_1_221' title='bbox 714 3128 749 3182; x_wconf 95' lang='lat' dir='ltr'>et</span> <span class='ocrx_word' id='word_1_222' title='bbox 772 3117 944 3201; x_wconf 87' lang='lat' dir='ltr'>Anglicos,</span> <span class='ocrx_word' id='word_1_223' title='bbox 970 3119 1027 3201; x_wconf 92' lang='lat' dir='ltr'>qui</span> <span class='ocrx_word' id='word_1_224' title='bbox 1054 3120 1265 3202; x_wconf 85' lang='lat' dir='ltr'>navigassent</span> <span class='ocrx_word' id='word_1_225' title='bbox 1295 3119 1328 3181; x_wconf 93' lang='lat' dir='ltr'>in</span> <span class='ocrx_word' id='word_1_226' title='bbox 1356 3118 1502 3195; x_wconf 88' lang='lat' dir='ltr'>Francia,</span> <span class='ocrx_word' id='word_1_227' title='bbox 1529 3117 1672 3199; x_wconf 91' lang='lat' dir='ltr'>optinuit</span> <span class='ocrx_word' id='word_1_228' title='bbox 1698 3115 1833 3199; x_wconf 90' lang='lat' dir='ltr'>plurali-</span> 
     </span>
     <span class='ocr_line' id='line_1_24' title="bbox 479 3237 1833 3323; baseline -0.005 -18"><span class='ocrx_word' id='word_1_229' title='bbox 479 3250 585 3306; x_wconf 86' lang='lat' dir='ltr'>tatem</span> <span class='ocrx_word' id='word_1_230' title='bbox 611 3261 632 3303; x_wconf 91' lang='lat' dir='ltr'>a</span> <span class='ocrx_word' id='word_1_231' title='bbox 657 3261 747 3323; x_wconf 92' lang='lat' dir='ltr'>papa</span> <span class='ocrx_word' id='word_1_232' title='bbox 772 3239 924 3322; x_wconf 84' lang='lat' dir='ltr'>Eugenio</span> <span class='ocrx_word' id='word_1_233' title='bbox 951 3239 1067 3322; x_wconf 89' lang='lat' dir='ltr'>quinto</span> <span class='ocrx_word' id='word_1_234' title='bbox 1094 3240 1254 3322; x_wconf 82' lang='lat' dir='ltr'>praedicto</span> <span class='ocrx_word' id='word_1_235' title='bbox 1280 3239 1372 3314; x_wconf 83' lang='lat' dir='ltr'>fatuo</span> <span class='ocrx_word' id='word_1_236' title='bbox 1400 3237 1551 3316; x_wconf 87' lang='lat' dir='ltr'>naturali,</span> <span class='ocrx_word' id='word_1_237' title='bbox 1574 3238 1630 3320; x_wconf 95' lang='lat' dir='ltr'>qui</span> <span class='ocrx_word' id='word_1_238' title='bbox 1656 3246 1735 3301; x_wconf 89' lang='lat' dir='ltr'>tunc</span> <span class='ocrx_word' id='word_1_239' title='bbox 1766 3256 1833 3299; x_wconf 94' lang='lat' dir='ltr'>non</span> 
     </span>
     <span class='ocr_line' id='line_1_25' title="bbox 480 3358 1833 3442; baseline -0.005 -16"><span class='ocrx_word' id='word_1_240' title='bbox 480 3361 542 3426; x_wconf 86' lang='lat' dir='ltr'>suit</span> <span class='ocrx_word' id='word_1_241' title='bbox 576 3361 739 3439; x_wconf 75' lang='lat' dir='ltr'>sacerdOS,</span> <span class='ocrx_word' id='word_1_242' title='bbox 769 3370 804 3424; x_wconf 91' lang='lat' dir='ltr'>et</span> <span class='ocrx_word' id='word_1_243' title='bbox 836 3360 972 3424; x_wconf 88' lang='lat' dir='ltr'>licencia</span> <span class='ocrx_word' id='word_1_244' title='bbox 1002 3360 1059 3423; x_wconf 91' lang='lat' dir='ltr'>illa</span> <span class='ocrx_word' id='word_1_245' title='bbox 1092 3361 1163 3440; x_wconf 89' lang='lat' dir='ltr'>suit,</span> <span class='ocrx_word' id='word_1_246' title='bbox 1193 3370 1231 3423; x_wconf 91' lang='lat' dir='ltr'>ut</span> <span class='ocrx_word' id='word_1_247' title='bbox 1259 3360 1416 3442; x_wconf 69' lang='lat' dir='ltr'>praelatus</span> <span class='ocrx_word' id='word_1_248' title='bbox 1445 3359 1554 3423; x_wconf 87' lang='lat' dir='ltr'>fatuus</span> <span class='ocrx_word' id='word_1_249' title='bbox 1583 3358 1720 3422; x_wconf 89' lang='lat' dir='ltr'>haberet</span> <span class='ocrx_word' id='word_1_250' title='bbox 1749 3359 1833 3420; x_wconf 88' lang='lat' dir='ltr'>duas</span> 
     </span>
     <span class='ocr_line' id='line_1_26' title="bbox 477 3477 1831 3564; baseline -0.006 -17"><span class='ocrx_word' id='word_1_251' title='bbox 477 3482 577 3547; x_wconf 88' lang='lat' dir='ltr'>simul</span> <span class='ocrx_word' id='word_1_252' title='bbox 605 3481 783 3563; x_wconf 84' lang='lat' dir='ltr'>dignitates</span> <span class='ocrx_word' id='word_1_253' title='bbox 810 3480 844 3543; x_wconf 91' lang='lat' dir='ltr'>in</span> <span class='ocrx_word' id='word_1_254' title='bbox 870 3481 1007 3545; x_wconf 91' lang='lat' dir='ltr'>ecclesia</span> <span class='ocrx_word' id='word_1_255' title='bbox 1033 3481 1115 3544; x_wconf 91' lang='lat' dir='ltr'>citra</span> <span class='ocrx_word' id='word_1_256' title='bbox 1145 3482 1383 3564; x_wconf 89' lang='lat' dir='ltr'>episcopatum,</span> <span class='ocrx_word' id='word_1_257' title='bbox 1411 3489 1445 3544; x_wconf 91' lang='lat' dir='ltr'>et</span> <span class='ocrx_word' id='word_1_258' title='bbox 1471 3489 1544 3543; x_wconf 91' lang='lat' dir='ltr'>tum</span> <span class='ocrx_word' id='word_1_259' title='bbox 1570 3478 1632 3541; x_wconf 82' lang='lat' dir='ltr'>luit</span> <span class='ocrx_word' id='word_1_260' title='bbox 1657 3477 1725 3540; x_wconf 88' lang='lat' dir='ltr'>iere</span> <span class='ocrx_word' id='word_1_261' title='bbox 1749 3497 1831 3559; x_wconf 94' lang='lat' dir='ltr'>quo-</span> 
     </span>
     <span class='ocr_line' id='line_1_27' title="bbox 480 3599 1832 3683; baseline -0.006 -15"><span class='ocrx_word' id='word_1_262' title='bbox 480 3603 562 3668; x_wconf 90' lang='lat' dir='ltr'>tidie</span> <span class='ocrx_word' id='word_1_263' title='bbox 583 3602 713 3679; x_wconf 92' lang='lat' dir='ltr'>ebrius;</span> <span class='ocrx_word' id='word_1_264' title='bbox 745 3610 779 3672; x_wconf 81' lang='lat' dir='ltr'>et</span> <span class='ocrx_word' id='word_1_265' title='bbox 804 3601 867 3664; x_wconf 92' lang='lat' dir='ltr'>iste</span> <span class='ocrx_word' id='word_1_266' title='bbox 896 3601 1007 3665; x_wconf 82' lang='lat' dir='ltr'>fatuus</span> <span class='ocrx_word' id='word_1_267' title='bbox 1033 3611 1068 3666; x_wconf 93' lang='lat' dir='ltr'>et</span> <span class='ocrx_word' id='word_1_268' title='bbox 1093 3601 1177 3665; x_wconf 87' lang='lat' dir='ltr'>tales</span> <span class='ocrx_word' id='word_1_269' title='bbox 1207 3601 1350 3683; x_wconf 92' lang='lat' dir='ltr'>promoti</span> <span class='ocrx_word' id='word_1_270' title='bbox 1377 3611 1411 3664; x_wconf 91' lang='lat' dir='ltr'>et</span> <span class='ocrx_word' id='word_1_271' title='bbox 1441 3599 1506 3664; x_wconf 89' lang='lat' dir='ltr'>alia</span> <span class='ocrx_word' id='word_1_272' title='bbox 1536 3599 1625 3662; x_wconf 88' lang='lat' dir='ltr'>mala</span> <span class='ocrx_word' id='word_1_273' title='bbox 1655 3599 1832 3680; x_wconf 90' lang='lat' dir='ltr'>sequencia</span> 
     </span>
     <span class='ocr_line' id='line_1_28' title="bbox 481 3717 1832 3805; baseline -0.004 -19"><span class='ocrx_word' id='word_1_274' title='bbox 481 3744 528 3786; x_wconf 89' lang='lat' dir='ltr'>ex</span> <span class='ocrx_word' id='word_1_275' title='bbox 557 3722 827 3805; x_wconf 83' lang='lat' dir='ltr'>appropriatione</span> <span class='ocrx_word' id='word_1_276' title='bbox 856 3721 1067 3786; x_wconf 89' lang='lat' dir='ltr'>ecclesiarum</span> <span class='ocrx_word' id='word_1_277' title='bbox 1097 3721 1341 3804; x_wconf 90' lang='lat' dir='ltr'>parochialium,</span> <span class='ocrx_word' id='word_1_278' title='bbox 1370 3730 1405 3785; x_wconf 89' lang='lat' dir='ltr'>et</span> <span class='ocrx_word' id='word_1_279' title='bbox 1433 3741 1493 3802; x_wconf 89' lang='lat' dir='ltr'>per</span> <span class='ocrx_word' id='word_1_280' title='bbox 1521 3739 1588 3784; x_wconf 92' lang='lat' dir='ltr'>non</span> <span class='ocrx_word' id='word_1_281' title='bbox 1617 3717 1832 3782; x_wconf 88' lang='lat' dir='ltr'>residenciam</span> 
     </span>
     <span class='ocr_line' id='line_1_29' title="bbox 479 3837 1833 3928; baseline -0.004 -20"><span class='ocrx_word' id='word_1_282' title='bbox 479 3846 710 3928; x_wconf 92' lang='lat' dir='ltr'>episcoporum</span> <span class='ocrx_word' id='word_1_283' title='bbox 733 3855 768 3920; x_wconf 81' lang='lat' dir='ltr'>et</span> <span class='ocrx_word' id='word_1_284' title='bbox 790 3853 953 3908; x_wconf 86' lang='lat' dir='ltr'>rectorum</span> <span class='ocrx_word' id='word_1_285' title='bbox 975 3843 1044 3908; x_wconf 86' lang='lat' dir='ltr'>fere</span> <span class='ocrx_word' id='word_1_286' title='bbox 1065 3846 1303 3908; x_wconf 87' lang='lat' dir='ltr'>destruxerunt</span> <span class='ocrx_word' id='word_1_287' title='bbox 1324 3843 1448 3906; x_wconf 91' lang='lat' dir='ltr'>bonum</span> <span class='ocrx_word' id='word_1_288' title='bbox 1468 3841 1616 3924; x_wconf 85' lang='lat' dir='ltr'>regimen</span> <span class='ocrx_word' id='word_1_289' title='bbox 1638 3839 1672 3902; x_wconf 93' lang='lat' dir='ltr'>in</span> <span class='ocrx_word' id='word_1_290' title='bbox 1694 3837 1833 3902; x_wconf 88' lang='lat' dir='ltr'>ecclesia</span> 
     </span>
    </p>
   </div>
   <div class='ocr_carea' id='block_1_3' title="bbox 477 3959 1833 4050">
    <p class='ocr_par' dir='ltr' id='par_1_5' title="bbox 477 3959 1833 4050">
     <span class='ocr_line' id='line_1_30' title="bbox 477 3959 1833 4050; baseline -0.006 -20"><span class='ocrx_word' id='word_1_291' title='bbox 477 3965 675 4050; x_wconf 84' lang='lat' dir='ltr'>Anglicana,</span> <span class='ocrx_word' id='word_1_292' title='bbox 700 3976 735 4036; x_wconf 94' lang='lat' dir='ltr'>et</span> <span class='ocrx_word' id='word_1_293' title='bbox 764 3987 852 4030; x_wconf 89' lang='lat' dir='ltr'>anno</span> <span class='ocrx_word' id='word_1_294' title='bbox 883 3965 1019 4029; x_wconf 92' lang='lat' dir='ltr'>Domini</span> <span class='ocrx_word' id='word_1_295' title='bbox 1045 3972 1094 4028; x_wconf 87' lang='lat' dir='ltr'>m⁰</span> <span class='ocrx_word' id='word_1_296' title='bbox 1116 3972 1205 4030; x_wconf 90' lang='lat' dir='ltr'>cccc⁰</span> <span class='ocrx_word' id='word_1_297' title='bbox 1227 3965 1262 4045; x_wconf 85' lang='lat'>1⁰,</span> <span class='ocrx_word' id='word_1_298' title='bbox 1287 3965 1438 4028; x_wconf 91' lang='lat' dir='ltr'>homines</span> <span class='ocrx_word' id='word_1_299' title='bbox 1464 3963 1521 4046; x_wconf 91' lang='lat' dir='ltr'>qui</span> <span class='ocrx_word' id='word_1_300' title='bbox 1550 3962 1754 4026; x_wconf 87' lang='lat' dir='ltr'>vocabantur</span> <span class='ocrx_word' id='word_1_301' title='bbox 1783 3959 1833 4022; x_wconf 92' lang='lat' dir='ltr'>in·</span> 
     </span>
    </p>
   </div>
   <div class='ocr_carea' id='block_1_4' title="bbox 478 4080 1833 4290">
    <p class='ocr_par' dir='ltr' id='par_1_6' title="bbox 478 4080 1833 4290">
     <span class='ocr_line' id='line_1_31' title="bbox 478 4080 1833 4171; baseline -0.005 -21"><span class='ocrx_word' id='word_1_302' title='bbox 478 4099 677 4153; x_wconf 90' lang='lat' dir='ltr'>surrectores</span> <span class='ocrx_word' id='word_1_303' title='bbox 708 4089 898 4153; x_wconf 91' lang='lat' dir='ltr'>occiderunt</span> <span class='ocrx_word' id='word_1_304' title='bbox 930 4090 1015 4161; x_wconf 86' lang='lat' dir='ltr'>duos</span> <span class='ocrx_word' id='word_1_305' title='bbox 1048 4089 1220 4171; x_wconf 91' lang='lat' dir='ltr'>episcopos</span> <span class='ocrx_word' id='word_1_306' title='bbox 1250 4089 1284 4151; x_wconf 93' lang='lat' dir='ltr'>in</span> <span class='ocrx_word' id='word_1_307' title='bbox 1313 4087 1448 4168; x_wconf 88' lang='lat' dir='ltr'>Anglia,</span> <span class='ocrx_word' id='word_1_308' title='bbox 1477 4084 1533 4169; x_wconf 91' lang='lat' dir='ltr'>qui</span> <span class='ocrx_word' id='word_1_309' title='bbox 1564 4084 1598 4148; x_wconf 91' lang='lat' dir='ltr'>in</span> <span class='ocrx_word' id='word_1_310' title='bbox 1627 4083 1717 4147; x_wconf 89' lang='lat' dir='ltr'>curia</span> <span class='ocrx_word' id='word_1_311' title='bbox 1746 4080 1833 4163; x_wconf 86' lang='lat' dir='ltr'>regis</span> 
     </span>
     <span class='ocr_line' id='line_1_32' title="bbox 480 4202 1831 4290; baseline -0.005 -18"><span class='ocrx_word' id='word_1_312' title='bbox 480 4210 573 4290; x_wconf 91' lang='lat' dir='ltr'>quasi</span> <span class='ocrx_word' id='word_1_313' title='bbox 600 4209 754 4276; x_wconf 90' lang='lat' dir='ltr'>continue</span> <span class='ocrx_word' id='word_1_314' title='bbox 779 4211 976 4290; x_wconf 87' lang='lat' dir='ltr'>residebant,</span> <span class='ocrx_word' id='word_1_315' title='bbox 1001 4219 1035 4278; x_wconf 87' lang='lat' dir='ltr'>et</span> <span class='ocrx_word' id='word_1_316' title='bbox 1060 4229 1126 4276; x_wconf 90' lang='lat' dir='ltr'>non</span> <span class='ocrx_word' id='word_1_317' title='bbox 1149 4209 1181 4274; x_wconf 91' lang='lat' dir='ltr'>in</span> <span class='ocrx_word' id='word_1_318' title='bbox 1206 4211 1289 4274; x_wconf 89' lang='lat' dir='ltr'>curis</span> <span class='ocrx_word' id='word_1_319' title='bbox 1313 4208 1389 4286; x_wconf 89' lang='lat' dir='ltr'>suis,</span> <span class='ocrx_word' id='word_1_320' title='bbox 1413 4229 1456 4272; x_wconf 90' lang='lat' dir='ltr'>sc.</span> <span class='ocrx_word' id='word_1_321' title='bbox 1479 4205 1593 4270; x_wconf 89' lang='lat' dir='ltr'>Adam</span> <span class='ocrx_word' id='word_1_322' title='bbox 1618 4202 1831 4280; x_wconf 90' lang='lat' dir='ltr'>Cistrensem,</span> 
     </span>
    </p>
   </div>
   <div class='ocr_carea' id='block_1_5' title="bbox 0 0 2166 4936">
    <p class='ocr_par' dir='ltr' id='par_1_7' title="bbox 0 0 2166 4936">
     <span class='ocr_line' id='line_1_33' title="bbox 0 0 2166 4936; baseline 0 1"><span class='ocrx_word' id='word_1_323' title='bbox 0 0 2166 4936; x_wconf 95' lang='lat' dir='ltr'> </span> 
     </span>
    </p>
   </div>
  </div>
 </body>
</html>
