4378 4936
490 308 530 372 88
864 319 963 375 LOCI
988 321 1017 376 E
1047 321 1170 378 LIBRO
1205 324 1464 384 VERITATUM.

487 555 562 620 quae
585 535 734 600 consistit
755 534 993 600 involuntaria
1013 538 1224 620 perpessione
1246 560 1303 602 seu
1325 540 1505 606 affliccione
1525 562 1634 626 poenae
1657 541 1745 612 inse
1767 542 1840 628 ipso

486 656 542 740 qui
561 656 720 739 peccavit,
739 677 780 720 eo
800 657 890 740 quod
912 656 1083 722 ordinatur
1102 678 1162 740 pro
1180 679 1290 741 poena,
1307 669 1344 725 ut
1359 661 1505 728 declarat
1522 661 1664 729 Sanctus
1678 661 1840 740 Thomas,

488 775 613 844 Contra
636 776 795 854 Gentiles,
819 777 902 841 libro
921 783 966 854 4⁰,
985 783 1070 862 cap0.
1088 784 1152 858 72⁰,
1177 788 1210 844 et
1233 780 1349 848 doctor
1368 781 1498 848 subtilis
1521 803 1620 867 super
1642 793 1686 860 4¹²²
1706 793 1839 850 senten-

485 899 618 976 ciarum,
645 897 861 964 distinccione
888 904 961 975 ¹5¹3
987 905 1021 962 et
1043 897 1086 962 de
1112 897 1175 962 ista
1197 919 1298 982 poena
1321 899 1538 966 satisfactoria
1564 901 1651 967 dixit
1675 902 1840 968 Dominus

485 1019 638 1097 Ananiae,
669 1019 712 1084 de
744 1017 870 1084 Sancto
900 1015 1010 1094 Paulo,
1040 1015 1191 1084 Actuum
1222 1019 1282 1096 ix0,
1314 1019 1409 1104 ‘Ego
1442 1024 1618 1088 ostendam
1652 1023 1682 1085 ei
1715 1031 1840 1104 quanta
1867 1096 1869 1104 ,

485 1150 617 1226 oportet
636 1160 712 1206 eum
731 1159 792 1223 pro
812 1138 947 1204 nomine
967 1158 1043 1204 meo
1063 1139 1134 1222 pati
1146 1135 1167 1216 ς’
1192 1149 1224 1204 et
1247 1141 1292 1205 sic
1316 1141 1501 1208 satisfaccio
1521 1143 1659 1210 includit
1679 1165 1718 1210 ea
1739 1164 1840 1226 opera

485 1283 560 1346 quae
582 1271 713 1328 tenetur
734 1279 840 1343 agere,
863 1269 897 1324 et
919 1279 1037 1343 peenas
1060 1281 1142 1343 quas
1164 1271 1295 1327 tenetur
1320 1283 1380 1346 pro
1402 1273 1540 1346 peccato
1562 1285 1622 1328 suo
1643 1265 1723 1348 pati.
1768 1265 1839 1330 Do-

484 1383 593 1447 minus
616 1392 738 1459 autem,
757 1380 871 1446 Exodi
887 1387 953 1464 32⁰,
977 1380 1100 1464 populo
1124 1381 1226 1446 Israel
1247 1383 1373 1449 remisit
1395 1404 1530 1467 poenam
1554 1405 1664 1461 unam,
1687 1406 1731 1451 sc.
1749 1386 1838 1468 quod

485 1524 551 1569 non
573 1503 683 1568 subito
708 1501 895 1567 delerentur
921 1509 1009 1577 tunc,
1033 1501 1091 1564 sed
1116 1503 1239 1568 meritis
1262 1512 1295 1567 et
1318 1504 1470 1587 precibus
1494 1505 1615 1588 Moysi,
1636 1505 1708 1572 aliis
1730 1507 1839 1588 poenis

484 1624 755 1697 reservabantur3
778 1631 812 1688 et
835 1627 891 1685 20⁰
907 1620 1039 1703 Regum
1058 1621 1129 1704 xij0,
1155 1622 1318 1688 Dominus
1342 1625 1510 1690 transtulit
1534 1635 1708 1708 peccatum
1727 1626 1837 1692 David

483 1747 683 1833 poenitentis,
708 1745 727 1810 i.
743 1751 780 1809 e.'
796 1743 921 1808 remisit
947 1743 976 1806 ei
1003 1761 1138 1826 poeuam
1161 1751 1330 1820 aeternam,
1358 1754 1392 1812 et
1421 1747 1596 1812 reservavit
1626 1768 1703 1814 eum
1729 1747 1838 1831 poenis

482 1866 729 1953 temporalibus,
760 1864 861 1930 finem
890 1863 1098 1939 habentibus,
1130 1873 1166 1928 ut
1195 1865 1341 1930 declarat
1372 1864 1515 1931 Sanctus
1543 1866 1729 1951 Gregorius,
1753 1867 1837 1932 libro

584 1988 771 2064 Moralium,
803 1996 837 2052 et
867 2006 927 2069 pro
956 1985 1027 2050 istis
1056 1986 1163 2070 poenis
1194 1987 1380 2052 minuendis
1416 1996 1450 2052 et
1484 1989 1692 2056 remittendis
1725 1988 1805 2054 conl
1822 2024 1836 2037 ·

483 2122 598 2178 runtur
627 2109 859 2192 indulgenciae,
916 2107 994 2172 Non
1025 2107 1112 2172 enim
1142 2106 1280 2172 solvitur
1312 2107 1414 2172 homo
1446 2129 1506 2191 per
1537 2109 1764 2193 indulgencias
1792 2112 1839 2174 abv

481 2235 594 2318 aliquo
619 2242 695 2298 actu
718 2228 901 2296 necessario
924 2236 957 2293 et
981 2227 1104 2306 debito,
1128 2247 1228 2312 quem
1255 2237 1386 2294 tenetur
1407 2249 1518 2294 coram
1543 2229 1617 2295 Deo
1639 2230 1754 2311 facere,
1776 2234 1835 2298 sed

482 2377 503 2421 a
526 2375 627 2440 poena
652 2371 754 2437 quam
777 2371 821 2415 ex
848 2349 921 2433 lege
953 2349 1125 2416 sustineret
1150 2349 1203 2413 vel
1231 2369 1274 2412 ex
1301 2349 1439 2416 arbitrio
1460 2350 1589 2433 judicis,
1615 2360 1649 2416 et
1673 2352 1748 2417 ideo
1774 2373 1835 2436 pro

482 2477 590 2561 poenis
627 2496 684 2539 seu
717 2471 926 2558 poenitenciis
963 2491 1127 2537 canonum
1164 2471 1313 2536 delendis
1351 2480 1385 2538 et
1422 2472 1636 2547 remittendis,
1670 2474 1835 2557 praecipue

482 2599 675 2662 ordinantur
703 2593 922 2676 indulgenciae
952 2612 1115 2659 concessae
1147 2592 1190 2658 ab
1221 2591 1368 2658 ecclesia.
1424 2591 1492 2658 Sed
1516 2593 1573 2677 qui
1599 2595 1833 2677 poenitenciam

481 2738 616 2783 omnem
643 2716 847 2782 arbitrariam
870 2735 890 2779 a
912 2715 1084 2779 sacerdote
1109 2714 1143 2778 in
1167 2713 1239 2778 soro
1267 2715 1478 2797 poenitenciae
1508 2715 1689 2799 injunctam
1715 2727 1836 2800 sponte

481 2839 615 2922 respuit,
646 2858 712 2902 non
742 2837 841 2902 video
871 2837 1012 2919 qualiter
1040 2856 1152 2900 revera
1181 2837 1346 2919 poenitens
1375 2837 1427 2912 sit,
1462 2859 1522 2904 nec
1554 2838 1696 2922 qualiter
1725 2859 1835 2922 capax

481 2961 707 3045 indulgenciae,
735 2980 795 3024 nec
824 2960 921 3024 video
951 2958 1091 3041 qualiter
1116 2966 1250 3042 paratus
1282 2967 1334 3024 est
1363 2959 1524 3024 sustinere
1553 2981 1689 3044 poenam
1710 2980 1732 3023 a
1758 2959 1834 3024 Deo

481 3083 695 3166 infligendam
721 3091 797 3166 post
824 3089 974 3157 mortem,
1003 3079 1059 3162 qui
1085 3079 1138 3144 hic
1168 3100 1302 3144 omnem
1332 3081 1455 3164 respuit
1485 3081 1719 3164 poenitenciam
1746 3080 1835 3148 arbi-

480 3208 615 3271 trariam
644 3205 833 3288 injunctam.
891 3203 1056 3268 Dominus
1092 3203 1179 3267 enim
1214 3202 1314 3278 Deus,
1346 3203 1402 3286 qui
1437 3223 1552 3268 veram
1587 3202 1833 3286 indulgenciam

481 3323 656 3390 efficaciter
685 3321 810 3386 confert
845 3340 922 3384 vere
958 3320 1197 3403 poenitentibus
1235 3327 1269 3384 et
1301 3319 1475 3394 conversis,
1506 3318 1595 3384 unde
1624 3319 1735 3383 Ysaiae
1763 3326 1833 3402 43⁰,

482 3444 578 3526 ‘Ego
600 3465 673 3508 surn
697 3443 752 3526 qui
776 3442 870 3506 deleo
893 3442 1084 3524 iniquitates
1106 3437 1203 3504 tuas?
1248 3439 1372 3521 injuria
1394 3439 1481 3504 enim
1508 3439 1573 3503 Dei
1599 3439 1777 3504 includitur
1799 3441 1834 3503 in

479 3566 570 3629 omni
597 3573 733 3648 peccato
760 3563 900 3641 mortali,
925 3573 959 3627 et
981 3561 1038 3626 illa
1061 3561 1179 3643 injuria
1205 3571 1256 3625 est
1281 3561 1444 3643 impietas,
1468 3561 1511 3625 de
1535 3580 1601 3642 qua
1624 3560 1733 3624 David
1756 3581 1832 3643 pro·

479 3685 581 3768 pheta
605 3693 754 3760 testatur,
771 3684 841 3747 ‘Tu
864 3684 1015 3748 remisisti
1039 3683 1244 3766 impietatem
1269 3683 1396 3765 peccati
1419 3681 1505 3746 mei.’
1550 3682 1612 3746 Pro
1634 3681 1697 3746 hac
1719 3682 1833 3745 remis·

479 3807 570 3870 sione
599 3806 831 3888 consequenda
854 3807 935 3870 dicit
965 3815 1099 3869 sanctus
1128 3804 1290 3886 Baptista,
1320 3803 1447 3870 Mathei
1473 3809 1517 3882 4⁰,
1543 3803 1679 3868 ‘Facite
1711 3803 1832 3886 dignos

479 3923 623 4004 fructus,’
650 3929 713 3990 ie.
745 3947 846 4009 opera
877 3926 1096 4008 poenitencia,
1129 3931 1185 3988 ‘et
1214 3925 1317 3988 nolite
1346 3925 1455 3988 dicere
1485 3925 1569 3988 intra
1601 3944 1670 4001 vos
1701 3931 1831 4006 patrem

478 4046 640 4110 habemus
665 4043 861 4123 Abraham,'
883 4047 973 4129 quod
1002 4055 1051 4111 est
1078 4045 1195 4126 dicere,
1222 4045 1337 4110 Nolite
1363 4046 1504 4121 credere,
1530 4046 1620 4128 quod
1644 4044 1768 4112 meritis
1796 4052 1830 4110 et

478 4167 655 4232 autoritate
681 4169 790 4250 magni
817 4169 918 4251 patris
940 4167 1114 4232 Abraham
1137 4175 1244 4232 vestra
1268 4175 1404 4250 peccata
1431 4167 1646 4241 remittentur,
1671 4165 1728 4228 sed
1752 4184 1829 4227 con·
