4378 4936
484 401 525 476 80
859 412 956 466 LOCI
983 411 1012 464 E
1040 413 1164 466 LIBRO
1201 413 1458 469 VERITATUM.

485 623 649 688 ‘Reddite
672 644 759 706 ergo,
780 625 1045 706 praevaricatores
1065 627 1108 690 ad
1132 646 1195 705 cor,
1216 627 1276 690 ie.
1292 628 1335 691 ad
1357 625 1570 706 intellectum,
1591 629 1836 694 considerantes

483 745 574 827 quod
591 744 732 810 Sanctus
749 745 864 809 Petrus
886 745 948 810 luit
970 747 1004 810 in
1025 767 1152 812 carcere
1172 749 1300 812 vinctus
1324 749 1472 813 cathenis
1493 749 1621 813 duabus
1637 751 1731 814 inter
1752 753 1837 815 duos

484 863 625 930 milites?
671 866 726 932 Sic
746 866 959 950 spiritualiter
981 869 1128 932 existens
1151 870 1184 932 in
1210 871 1339 954 magnis
1358 870 1511 952 peccatis,
1527 881 1687 952 tanquam
1711 871 1744 935 in
1765 856 1835 936 car·

483 1007 558 1051 cere
579 988 727 1067 miseriae,
741 998 792 1052 est
814 990 942 1054 vinctus
962 991 1090 1054 duabus
1112 992 1268 1067 cathenis,
1291 1013 1334 1056 sc.
1350 991 1538 1074 ignorancia
1560 1003 1594 1057 et
1615 975 1836 1076 impotencia}

483 1110 671 1192 ignorancia
691 1121 742 1175 est
764 1113 899 1194 quando
922 1132 987 1174 non
1011 1111 1166 1194 intelligit
1187 1113 1289 1176 homo
1313 1124 1437 1177 statum
1462 1114 1599 1177 miseriae
1623 1135 1690 1177 suae
1714 1115 1836 1196 inqua

484 1243 543 1310 est,
566 1242 600 1296 et
622 1233 756 1314 quando
787 1253 852 1296 non
876 1234 1061 1297 considerat
1091 1255 1166 1316 quae
1187 1256 1265 1298 vera
1294 1246 1379 1313 sunt,
1401 1237 1460 1299 sed
1490 1237 1595 1300 credit
1624 1235 1836 1318 palpantibus

483 1363 518 1417 et
542 1351 776 1432 adulatoribus,
801 1355 857 1436 qui
887 1353 968 1418 salse
998 1356 1060 1419 sibi
1086 1356 1226 1437 placent,
1249 1337 1305 1438 qui
1332 1358 1446 1421 dicunt
1472 1357 1644 1440 peccatum
1675 1378 1740 1420 non
1764 1365 1836 1420 esse'

483 1485 665 1556 peccatum,
684 1473 737 1538 vel
762 1495 899 1557 parvum
925 1487 1006 1552 esse,
1029 1487 1063 1540 et
1089 1476 1227 1541 faciliter
1252 1477 1373 1541 habere
1396 1479 1526 1540 veniam
1549 1501 1569 1543 a
1594 1479 1676 1556 De0‚
1700 1487 1733 1541 et
1761 1479 1835 1541 ideo

484 1617 548 1660 non
572 1597 754 1660 curandum
781 1616 852 1658 esse
878 1597 921 1660 de
945 1607 1091 1678 peccato.
1147 1597 1234 1660 Item
1260 1599 1414 1680 ignorans
1440 1575 1490 1662 est
1517 1599 1572 1680 qui
1601 1608 1687 1662 errat
1715 1609 1748 1662 et
1777 1599 1835 1661 de·

482 1719 551 1782 viat
569 1739 589 1780 a
606 1739 693 1794 vero,
709 1729 743 1782 et
766 1699 969 1782 obliviscitur
991 1739 1029 1782 ea
1047 1720 1089 1782 ad
1109 1740 1183 1800 quae
1205 1717 1400 1796 attenderet,
1417 1729 1450 1783 et
1470 1719 1561 1783 velut
1579 1740 1685 1783 caecus
1706 1720 1836 1783 ducitur

482 1840 515 1903 in
542 1838 671 1902 foveam
698 1838 804 1921 culpae
831 1850 864 1903 et
891 1861 1000 1922 poenae
1028 1841 1112 1904 inter
1139 1861 1270 1905 carnem
1294 1851 1328 1904 et
1353 1819 1533 1918 diabolum,
1560 1819 1705 1923 quisibi
1728 1841 1834 1903 domi-

483 1971 610 2035 nantur,
637 1971 672 2024 et
696 1981 789 2024 suam
817 1962 849 2023 in
871 1982 911 2024 eo
937 1972 1148 2043 exequuntur
1170 1961 1376 2026 voluntatem
1402 1973 1435 2027 et
1462 1972 1675 2044 potestatem,
1700 1972 1733 2025 et
1756 1937 1834 2024 tunc

482 2092 670 2146 excaecatur
702 2092 842 2164 utroque
879 2081 975 2146 oculo
1009 2104 1085 2147 cum
1120 2083 1275 2148 Sedichia
1313 2105 1398 2166 rege.
1449 2085 1531 2148 Inde
1557 2059 1688 2148 ducitur
1718 2083 1750 2145 in
1781 2083 1834 2145 via'

480 2202 661 2285 voluptatis
691 2223 768 2278 suae,
798 2223 872 2284 quae
901 2203 1031 2268 videtur
1061 2203 1122 2266 sibi
1154 2215 1242 2268 recta
1271 2205 1333 2281 via,
1359 2205 1428 2280 sed,
1451 2214 1537 2268 teste
1559 2205 1634 2286 Job,
1657 2201 1834 2266 novissima

482 2323 552 2406 ejus
575 2325 701 2388 ducunt
727 2324 770 2387 ad
802 2335 951 2399 mortem,
984 2325 1043 2387 ie.
1069 2326 1112 2388 ad
1137 2344 1254 2406 poenas
1285 2335 1433 2390 aetemas.
1477 2325 1557 2390 Alia
1588 2299 1727 2390 cathena
1757 2344 1833 2407 pec·

482 2455 592 2509 catum
620 2463 827 2526 consequens
850 2453 901 2508 est
927 2445 1127 2527 impotencia
1151 2466 1273 2521 eorum,
1297 2439 1372 2529 quae
1398 2447 1499 2510 homo
1522 2457 1642 2528 ageret,
1667 2455 1701 2509 et
1727 2445 1833 2528 imposs

481 2567 589 2629 tencia
618 2565 824 2647 exsequendi
855 2575 889 2628 et
921 2566 1109 2648 attingendi
1139 2565 1195 2628 1111
1225 2566 1320 2644 bona,
1351 2587 1491 2649 quorum
1520 2567 1622 2630 homo
1653 2566 1685 2629 in
1701 2539 1833 2629 ¹natura

482 2707 543 2748 sua
564 2697 614 2750 est
637 2707 765 2769 capax3
796 2665 897 2749 homo
920 2687 1018 2764 enim,
1043 2707 1103 2768 per
1125 2686 1262 2770 longum
1287 2708 1381 2752 usum
1406 2698 1439 2752 et
1465 2687 1600 2770 longam
1625 2659 1833 2752 consuetudi-

482 2826 559 2870 nem
590 2807 725 2889 peccatl,
757 2807 922 2871 inducitur
957 2807 991 2870 in
1024 2807 1255 2872 difficultatem
1290 2818 1419 2872 tantam
1452 2809 1539 2887 boni,
1570 2818 1603 2873 et
1638 2809 1670 2871 in
1703 2818 1832 2872 tantam

482 2927 682 3008 pronitatem
713 2928 802 3002 mali,
830 2927 920 3009 quod
950 2903 1081 2990 videtur
1111 2929 1288 2992 necessitas
1317 2929 1361 2992 ad
1389 2931 1601 3010 peccandum,
1624 2939 1658 2992 et
1684 2921 1832 2992 111111111Ι

481 3048 656 3128 potestatis
671 3049 714 3111 ad
734 3049 962 3126 resistendum,
977 3047 1031 3111 vel
1051 3048 1094 3110 ad
1112 3049 1316 3111 redeundum
1332 3069 1352 3112 a
1369 3047 1456 3112 malo
1469 3031 1480 3127 ;Ι
1499 3049 1541 3112 111
1557 3070 1622 3131 qua
1638 3048 1832 3112 necessitate

480 3167 627 3249 loquitur
644 3167 815 3250 propheta,
832 3189 907 3231 cum
923 3169 966 3232 ad
983 3167 1166 3231 Dominum
1182 3177 1263 3246 orat,
1279 3167 1351 3232 ‘De
1369 3169 1619 3233 necessitatibus
1636 3169 1725 3243 meis,
1743 3169 1832 3250 eripe

481 3308 543 3366 me,
564 3288 744 3353 Dominet'
786 3287 884 3352 Tunc
906 3267 1038 3352 necesse
1061 3299 1112 3353 est
1135 3297 1171 3352 111
1194 3290 1303 3352 oracio
1326 3289 1384 3353 fiat
1407 3291 1450 3352 ab
1470 3290 1616 3365 ecclesia,
1639 3299 1673 3353 et
1695 3289 1831 3353 abonis

479 3408 565 3486 viris,
595 3409 673 3491 quia
711 3429 853 3492 magnus
885 3418 1039 3492 peccator
1076 3419 1127 3472 est
1164 3409 1198 3471 in
1231 3429 1360 3473 carcere
1394 3410 1532 3473 miseriae
1566 3411 1627 3473 sub
1665 3402 1831 3491 potestate

481 3527 650 3606 Sathanae,
677 3531 762 3595 sicut
790 3529 933 3594 Sanctus
964 3529 1080 3592 Petrus
1110 3527 1170 3592 fuit
1197 3529 1229 3592 in
1259 3549 1387 3593 carcere
1416 3529 1576 3612 corporali
1607 3529 1668 3591 sub
1694 3503 1831 3627 Herode

480 3650 583 3732 impio
608 3671 697 3734 rege.
742 3649 861 3714 Clama
886 3671 973 3732 ergo,
1002 3650 1097 3725 educ,
1124 3648 1288 3714 Domine!
1320 3651 1365 3746 de
1391 3670 1519 3714 carcere
1548 3649 1693 3712 animam
1721 3669 1830 3712 meam

481 3781 518 3834 ut
548 3750 743 3835 confiteatur
773 3790 895 3851 magna
929 3779 986 3833 tua
1016 3789 1127 3851 opera.
1184 3769 1348 3833 Domine!
1379 3770 1475 3852 periit
1503 3769 1580 3851 suga
1609 3790 1630 3832 a
1660 3789 1723 3847 me,
1752 3769 1830 3851 quia

480 3891 551 3953 sine
572 3892 682 3973 gracia
702 3901 760 3955 tua
783 3911 915 3973 surgere
937 3910 1064 3972 nequeo
1083 3909 1143 3952 nec
1163 3888 1274 3952 lumen
1294 3889 1369 3952 coeli
1391 3891 1511 3966 videre,
1531 3899 1564 3954 et
1584 3899 1663 3953 tunc
1683 3889 1828 3970 angelus,

481 4012 501 4073 i.
512 4032 540 4076 e.
563 4012 700 4075 nuncius
724 4010 842 4093 graciae
867 4011 940 4087 Dei,
966 4009 1108 4092 percutit
1135 4008 1268 4072 Petrum
1293 4010 1325 4071 in
1352 4009 1464 4085 latere,
1492 4010 1511 4074 i.
1524 4031 1553 4074 e.
1576 4010 1609 4072 in
1636 4009 1743 4084 corde,
1771 4027 1828 4072 seu

481 4132 513 4194 in
543 4142 662 4206 mente,
689 4133 777 4195 dona
800 4131 864 4194 Dei
888 4141 921 4194 et
945 4129 1105 4194 beneficia
1129 4130 1230 4193 menti
1262 4130 1457 4206 reducendo,
1483 4141 1518 4194 et
1548 4129 1740 4193 memoriam
1768 4126 1829 4228 th

481 4251 567 4333 passi
599 4253 700 4316 menti
732 4251 960 4334 imprimendo,
992 4259 1025 4314 11
1056 4259 1134 4313 tunc
1165 4250 1268 4332 surgit
1296 4223 1428 4325 'Petrus
1461 4249 1480 4314 i.
1497 4271 1523 4315 e.
1561 4260 1722 4332 peccator,
1752 4269 1829 4312 vere
