4338 4936
718 435 817 490 LOCI
842 434 872 487 E
901 433 1026 489 LIBRO
1061 435 1320 490 VERITATUM.
1657 441 1692 488 Η

342 623 509 711 teneretur
537 647 601 712 hoc
632 647 740 712 iacere
769 669 881 713 coram
911 669 971 711 suo
1002 647 1189 711 diocesano.
1246 645 1333 710 Item
1364 645 1533 728 pecierunt
1564 645 1621 710 xl·.
1646 647 1694 710 in·

342 776 475 846 stanter,
501 769 648 833 dicentes
678 769 768 852 quod
802 764 950 858 [nol]unt
981 768 1060 832 dare
1090 766 1262 831 licenciam
1292 767 1325 829 in
1356 761 1627 856 anach0r[etum]
1659 777 1696 832 ut

341 889 554 953 translaretur
576 890 619 954 de
642 911 707 953 uno
730 889 802 954 loco
825 898 968 972 angusto
992 890 1024 952 in
1048 887 1149 951 aliurn
1173 887 1282 951 locum
1305 887 1500 970 spaciosum,
1517 888 1578 952 nisi
1600 889 1695 952 daret

342 1010 467 1073 eisdem
498 1009 556 1074 xl⁸.
584 1020 617 1074 et
648 1010 712 1074 illis
742 1011 829 1074 datis
859 1010 950 1073 licuit
984 1009 1074 1091 quod
1105 1008 1151 1072 eis
1184 1007 1329 1090 placuit:
1368 1017 1401 1072 et
1432 1009 1479 1072 sic
1509 1006 1578 1072 vae!
1616 1008 1694 1091 quia

341 1139 393 1194 tot
422 1141 499 1193 sunt
529 1132 683 1209 tenebrae,
709 1105 768 1194 sed
799 1132 841 1195 sit
871 1130 964 1194 Deus
982 1127 1108 1211 iudex,
1139 1137 1173 1192 et
1202 1129 1316 1193 videat
1346 1138 1380 1192 et
1407 1127 1535 1210 judicet
1560 1149 1695 1194 causam

342 1271 460 1329 meam,
491 1251 597 1334 primo
628 1251 759 1334 Regum
792 1269 842 1328 24.
901 1251 987 1314 Item
1014 1249 1084 1332 jam
1116 1249 1221 1313 curati
1250 1248 1375 1314 habent
1405 1249 1437 1311 in
1465 1249 1631 1314 mandatis
1661 1250 1694 1315 in

342 1391 407 1435 una
436 1371 558 1436 diocesi
593 1371 692 1436 michi
719 1381 806 1450 nota,
830 1370 919 1453 quod
947 1370 1072 1433 nullum
1099 1369 1273 1434 absolvant
1306 1370 1349 1433 de
1377 1390 1438 1433 sua
1467 1369 1620 1452 parochia
1652 1371 1694 1435 de

341 1512 428 1554 anno
463 1492 496 1554 in
535 1511 658 1556 annum
694 1491 756 1555 nisi
790 1492 921 1555 solvant
958 1500 1037 1554 ante
1072 1489 1319 1554 absolucionem
1353 1499 1482 1554 tantam
1520 1491 1693 1574 pecuniam

341 1621 500 1695 quantam
528 1611 677 1694 praedicti
703 1611 849 1676 officiarii
876 1611 1022 1695 episcopi
1052 1609 1246 1694 praecipiunt
1276 1610 1399 1675 curatis
1426 1609 1598 1694 injungere
1627 1612 1695 1675 suis

341 1732 555 1814 parochianis,
591 1742 626 1797 et
659 1733 774 1797 dicunt
809 1733 899 1816 quod
933 1731 989 1794 illa
1023 1752 1154 1795 summa
1187 1731 1339 1796 transibit
1372 1732 1414 1796 ad
1449 1731 1693 1814 reparacionem

342 1852 489 1916 ecclesiae
514 1852 722 1931 cathedralis,
744 1874 819 1936 quae
847 1861 897 1916 est
923 1851 1021 1916 valde
1043 1851 1161 1916 dotata
1186 1853 1282 1916 bonis
1308 1851 1445 1917 terrenis
1469 1851 1553 1916 inter
1579 1872 1695 1916 omnes

340 1972 494 2037 ecclesias
513 1975 613 2056 regni,
630 1984 664 2038 et
688 1982 869 2056 posuerunt
888 1973 932 2037 ad
956 1972 1085 2036 firmam
1109 1993 1377 2056 unamquamque
1399 1971 1609 2036 ecclesiarum
1633 1993 1694 2055 pro

339 2091 395 2156 illa
423 2093 570 2176 pecunia,
598 2104 632 2158 et
659 2105 791 2158 curatus
818 2094 873 2177 qui
898 2093 1026 2176 accepit
1050 2094 1093 2158 ad
1119 2092 1248 2157 firmam
1275 2114 1375 2157 unam
1401 2092 1572 2158 ecclesiam
1598 2112 1695 2175 paro·

340 2212 480 2278 chialem
511 2234 571 2297 pro
602 2235 667 2277 uno
700 2214 802 2278 nobili
832 2213 992 2278 solvendo
1022 2213 1169 2278 ecclesiae
1200 2213 1380 2278 cathedrali
1411 2212 1560 2297 quolibet
1593 2234 1693 2290 ann0,

341 2335 387 2397 ita
410 2333 552 2417 injungit
575 2335 608 2397 in
631 2334 835 2399 consessione
861 2334 1135 2417 parochianorum
1160 2355 1294 2399 suorum
1317 2355 1448 2418 paenam
1471 2333 1692 2417 pecuniariam

339 2455 418 2536 quia
455 2455 582 2537 accepit
621 2476 664 2519 xc
701 2455 825 2519 solidos
859 2455 903 2518 ab
936 2455 1061 2520 eisdem
1099 2455 1161 2518 sub
1199 2455 1307 2520 colore
1340 2453 1489 2538 pecuniae
1526 2453 1693 2519 solvendae

340 2575 480 2639 aediticio
503 2583 537 2640 et
561 2576 749 2640 necessariis
770 2575 916 2640 ecclesiae
939 2575 1084 2640 matricis
1107 2576 1255 2659 quolibet
1279 2596 1374 2651 ann0‚
1399 2585 1433 2640 et
1456 2575 1543 2640 istud
1568 2575 1692 2640 malurn

339 2696 462 2778 incepit
486 2696 570 2760 circa
594 2717 717 2759 annum
742 2696 867 2760 domini
894 2705 950 2759 mm
974 2707 1070 2761 cccc¹¹¹
1094 2696 1140 2760 xl.

427 2826 467 2892 [p.
495 2825 559 2893 165]
597 2824 752 2881 castitas.
815 2816 947 2880 Nobilis
984 2817 1152 2881 memoriae
1190 2817 1307 2881 doctor
1344 2817 1506 2900 Magister
1542 2815 1693 2880 Thomas

340 2935 492 3014 Walden‚
521 2936 603 3000 alias
634 2937 763 3011 Nettar‚
795 2957 896 3002 sacrae
926 2937 1119 3020 Theologiae
1148 2937 1265 3026 doctor
1295 2936 1497 3003 Oxoniensis
1528 2947 1562 3002 et
1592 2935 1693 3002 irater

342 3055 657 3136 Carmelita,—obiit
688 3059 721 3121 in
749 3058 896 3122 Domino
926 3059 958 3121 in
990 3057 1124 3122 civitate
1151 3057 1400 3142 Rotomagensi‚
1428 3058 1574 3122 existens
1604 3058 1694 3142 prius

340 3176 506 3241 consessor
527 3177 664 3242 Henrici
687 3178 793 3261 quinti
816 3188 851 3242 et
872 3189 989 3262 postea
1011 3177 1149 3242 Henrici
1172 3179 1260 3243 sexti
1284 3199 1397 3261 regum
1417 3178 1585 3262 Angliae;
1607 3178 1693 3243 sole·

339 3297 422 3362 bant
438 3297 525 3360 enirn
542 3318 635 3380 reges
650 3297 785 3380 Angliae
800 3298 923 3364 habere
939 3299 971 3362 in
992 3320 1070 3363 suos
1091 3298 1293 3364 consessores
1307 3300 1413 3364 bonos
1428 3301 1581 3365 doctores
1597 3299 1692 3363 theo·

341 3417 443 3500 logos,
460 3438 525 3481 non
545 3419 728 3502 episcopos.
775 3419 940 3485 Henricus
964 3421 1051 3484 enim
1072 3429 1189 3484 sextus
1209 3419 1271 3486 suit
1292 3420 1416 3504 primus
1437 3441 1497 3484 rex
1518 3421 1550 3483 in
1567 3419 1692 3502 Anglia

340 3540 396 3621 qui
415 3537 532 3602 habuit
553 3540 744 3622 episcopum
766 3541 920 3605 continue
940 3561 1052 3605 secum
1074 3550 1264 3606 manentem
1287 3541 1320 3606 in
1343 3562 1438 3606 suum
1462 3541 1693 3620 consessorem,

341 3659 533 3742 episcopum
558 3658 677 3724 Sarum
696 3658 882 3725 Willelmus
907 3660 1058 3740 Hachke,
1077 3662 1134 3745 qui
1154 3683 1175 3726 a
1197 3663 1263 3726 suis
1282 3663 1464 3727 diocesanis
1483 3661 1609 3726 occisus
1631 3662 1694 3726 suit

340 3801 427 3843 anno
444 3779 504 3843 Xti
524 3793 615 3860 1450,
631 3800 671 3844 eo
686 3782 776 3863 quod
793 3803 859 3845 non
875 3782 1041 3847 residebat
1057 3783 1089 3847 in
1105 3783 1305 3866 episcopatu,
1322 3793 1359 3848 ut
1374 3784 1553 3848 dicebatur.

427 3909 460 3976 [p.
487 3909 556 3974 203]
601 3909 727 3964 contra
759 3910 885 3966 caudas
917 3909 1133 3967 dominarum
1142 3903 1163 3967 ¹.
1210 3905 1296 3968 Item
1327 3903 1412 3968 tales
1442 3905 1564 3967 caudas
1595 3903 1692 3966 relin-

340 4029 479 4103 querent
505 4020 659 4095 dominae,
687 4029 724 4084 ut
750 4022 876 4104 priores
902 4034 1034 4088 sanctas
1061 4025 1213 4089 dominas
1239 4034 1273 4089 et
1300 4025 1375 4090 Deo
1404 4033 1558 4108 acceptas
1584 4025 1693 4088 imita-

340 4149 461 4218 rentur,
491 4140 546 4222 qui
587 4139 708 4204 talibus
747 4163 814 4205 usae
849 4164 915 4207 non
952 4143 1091 4208 luerunt.
1147 4145 1236 4210 Nam
1275 4145 1455 4209 secundum
1495 4144 1691 4209 relacionem

456 4275 462 4304 ¹
482 4275 534 4324 Ista
551 4275 630 4326 cauda
648 4293 702 4340 quae
721 4277 826 4341 Anglice
844 4280 944 4344 ‘trayn’
963 4289 1066 4330 vocatur
1082 4281 1141 4345 quia
1159 4281 1270 4337 trahitur.
1288 4279 1361 4331 etad
1379 4281 1472 4330 malurn
1491 4279 1574 4330 trahit.

988 4379 1008 4427 C
1028 4383 1044 4426 2
