4378 4936
487 415 547 473 104
859 397 958 454 LOCI
983 399 1013 452 E
1042 397 1166 452 LIBRO
1201 395 1459 454 VERITATUM.

484 628 593 684 erecto
615 616 719 682 crucis
744 615 778 678 in
801 613 933 690 vexillo,
957 622 1089 679 etcum
1112 612 1211 676 armis
1234 612 1337 694 ipsius
1362 632 1459 694 papae
1483 608 1617 689 Calixti,
1639 611 1835 675 ad-denun·

484 740 639 804 ciandum
665 737 800 801 nomine
825 735 976 817 ejusdem
1002 755 1098 818 papae
1124 733 1368 816 indulgenciam
1394 732 1500 814 culpae
1527 743 1561 796 et
1587 752 1697 814 poenae
1723 751 1834 795 coram

485 860 560 924 Deo
582 859 654 924 aliis
680 856 869 922 hominibus
891 856 948 939 qui
970 855 1082 919 debite
1108 864 1222 918 contra
1245 853 1372 918 Turcos
1397 873 1546 936 paganos
1572 853 1615 917 ad
1641 851 1834 916 bellandum

483 981 767 1065 progrederentur,
788 977 841 1041 vel
865 998 964 1041 naves
987 987 1020 1040 et
1043 977 1198 1059 pecunias
1221 983 1335 1038 contra
1356 995 1413 1038 eos
1435 983 1666 1056 praepararent,
1688 973 1741 1037 vel
1763 972 1835 1036 haec

484 1109 707 1185 procurarent,
735 1109 770 1164 et
799 1101 845 1164 sic
874 1099 994 1180 plures,
1016 1107 1053 1162 ut
1079 1098 1206 1174 dicitur,
1231 1118 1265 1160 se
1293 1096 1384 1179 ipsos
1409 1096 1452 1159 ad
1478 1094 1542 1158 hoc
1568 1103 1835 1177 praeparaverunt

483 1243 572 1287 anno
590 1220 727 1285 Domini
749 1226 819 1283 m¹³¹⁰
834 1225 946 1284 cccc¹¹²⁰
960 1217 1235 1301 quinquagesimo
1256 1227 1363 1294 sexto,
1378 1215 1411 1278 in
1428 1216 1677 1297 computacione
1692 1213 1835 1296 Angliae,

485 1344 603 1408 eodem
626 1341 750 1406 scilicet
772 1360 860 1404 anno
883 1341 916 1404 in
932 1359 998 1421 quo
1019 1338 1202 1402 Lumbardi
1226 1337 1352 1401 confusi
1374 1347 1450 1400 sunt
1474 1344 1507 1399 et
1530 1335 1670 1399 convicti
1693 1344 1727 1398 et
1744 1354 1837 1397 vere-

485 1463 619 1528 cundati
645 1483 705 1545 per
730 1461 892 1544 Anglicos
918 1470 997 1525 tunc
1024 1460 1206 1524 existentes
1235 1460 1269 1521 in
1296 1457 1372 1520 villa
1399 1457 1518 1539 Burgae
1545 1455 1578 1518 in
1606 1454 1770 1530 Flandria,
1796 1476 1835 1518 eo

484 1587 575 1668 quod
595 1584 656 1667 ipsi
673 1582 856 1647 Lumbardi
872 1582 1038 1660 dixerunt,
1054 1581 1227 1644 in‘eadem
1247 1577 1334 1654 villa,
1350 1597 1462 1659 regem
1477 1576 1611 1657 Angliae
1630 1585 1664 1640 et
1684 1576 1836 1640 dominos

485 1717 518 1772 et
545 1714 742 1770 mercatores
768 1703 903 1786 Angliae
934 1723 1049 1767 omnes
1080 1723 1152 1766 esse
1181 1701 1290 1778 salsos,
1316 1699 1403 1763 unde
1429 1718 1488 1781 per
1514 1697 1659 1780 judicem
1684 1697 1772 1760 villae
1802 1705 1836 1762 et

484 1827 646 1909 Anglicos
672 1826 717 1889 ibi
742 1825 925 1890 existentes
951 1825 1045 1907 plura
1072 1823 1217 1906 perpessi
1240 1830 1324 1898 sunt,
1348 1828 1390 1898 et,
1413 1830 1451 1883 ut
1473 1819 1657 1882 creditura
1679 1817 1836 1901 pluribus,

485 1951 603 2013 merito
623 1957 733 2012 essent
754 1946 943 2029 expellendi
959 1945 1003 2008 ab
1018 1944 1154 2026 Anglia.
1199 1941 1417 2006 Matrimonia
1436 1940 1523 2004 enim
1538 1939 1726 2022 Anglorum
1743 1939 1835 2021 quasi

484 2071 527 2134 ad
551 2069 651 2134 nichil
674 2069 894 2142 deduxerunt,
915 2076 950 2131 et
968 2067 1114 2150 precium
1134 2085 1251 2142 rerum,
1267 2084 1349 2146 quas
1372 2062 1433 2146 ipsi
1457 2062 1639 2126 Lumbardi
1662 2063 1695 2125 in
1711 2061 1837 2144 Anglia

484 2192 641 2269 vendunt,
656 2191 886 2254 exaltavenrnt
908 2189 940 2251 in
964 2187 1089 2270 Anglia
1111 2209 1132 2252 a
1151 2195 1295 2270 quatuor
1316 2185 1430 2248 solidis
1453 2185 1622 2266 usquead
1646 2183 1689 2266 iiij
1715 2183 1837 2247 nobilia

483 2310 684 2394 Anglorum.
712 2308 743 2374 O
760 2309 898 2393 Anglial
919 2309 1058 2392 Anglial
1083 2307 1114 2373 Ο
1131 2307 1158 2371 si
1174 2307 1321 2371 miserias
1337 2317 1411 2371 tuas
1427 2307 1575 2389 proprias
1593 2306 1705 2370 debite
1720 2325 1837 2387 pensa·

485 2453 545 2511 res,
561 2442 595 2496 et
616 2439 752 2513 peccata
772 2440 831 2494 tua
849 2431 962 2494 debite
982 2429 1163 2513 plangeres,
1184 2439 1222 2493 ut
1239 2428 1371 2491 veniam
1393 2447 1504 2493 coram
1520 2427 1594 2490 Deo
1616 2426 1792 2489 mererere!

572 2561 613 2628 [p.
638 2559 707 2626 5η]
744 2551 869 2615 Utrum
897 2551 930 2615 in
955 2551 1073 2616 eadem
1097 2549 1174 2614 fidei
1197 2547 1313 2624 forma,
1339 2548 1360 2611 i.
1371 2569 1400 2612 e.
1422 2547 1455 2611 in
1479 2547 1646 2612 autentico
1676 2545 1838 2630 symbolo,

485 2675 575 2756 quod
598 2671 739 2756 apostoli
762 2673 977 2751 tradiderunt,
992 2671 1056 2736 hoc
1079 2671 1237 2755 scriptum
1262 2667 1431 2751 legeritis?
1470 2668 1515 2732 Et
1538 2669 1625 2733 istud
1650 2679 1701 2734 est
1724 2671 1838 2732 contra

487 2792 711 2876 Reginaldum
737 2792 857 2872 Pecok,
881 2793 1066 2869 Wallicum,
1094 2793 1157 2856 isto
1184 2811 1272 2855 anno
1300 2803 1380 2871 1457
1412 2789 1614 2853 existentem
1645 2790 1835 2872 episcopum

487 2914 735 2990 Cicestrensem,
762 2935 821 2996 per
850 2916 950 2978 istum
976 2921 1094 2977 vocato
1118 2910 1326 2989 ‘Provoker‚'
1352 2909 1541 2993 symbolum
1567 2929 1742 2974 commune
1772 2930 1837 2973 non

486 3055 559 3098 esse
589 3034 815 3118 apostolorum
843 3035 901 3099 Xti
933 3033 991 3099 sed
1023 3033 1186 3098 novellam
1209 3054 1280 3096 esse
1306 3031 1533 3096 invencionem
1556 3052 1576 3094 a
1601 3031 1691 3095 nullo
1721 3030 1837 3095 clerico

486 3155 706 3221 allocandam.

574 3285 638 3350 [1b·]
683 3276 719 3342 Si
746 3277 819 3360 quis
850 3286 901 3342 est
929 3265 1014 3354 talis,
1040 3275 1097 3359 qui
1128 3273 1227 3338 nichil
1256 3274 1328 3338 vult
1355 3277 1488 3340 credere
1517 3276 1606 3358 quod
1638 3295 1704 3338 non
1733 3273 1838 3358 possit

488 3396 672 3461 racionibus
696 3398 897 3462 naturalibus
922 3397 1070 3481 probare,
1089 3397 1178 3478 quod
1200 3404 1343 3459 estesse
1364 3397 1547 3478 sapientem
1568 3396 1601 3459 in
1623 3393 1838 3473 hocsaecu10,

486 3517 636 3582 dimittat
660 3517 747 3583 hanc
773 3518 973 3601 sapienciam
1000 3528 1035 3582 et
1059 3516 1172 3580 credat
1198 3516 1393 3581 auctoritate
1418 3517 1524 3598 primo
1547 3517 1618 3580 sine
1640 3515 1778 3594 racione,
1803 3523 1840 3578 ut

486 3638 625 3703 tandem
646 3637 690 3703 sit
712 3639 851 3721 sapiens,
873 3660 949 3702 vere
972 3638 1139 3720 attingens
1158 3636 1201 3700 ad
1224 3636 1399 3700 scienciam
1424 3657 1538 3700 eorum
1558 3658 1634 3719 quae
1659 3657 1757 3719 supra
1782 3655 1840 3698 na-

486 3767 597 3824 turam
624 3767 710 3837 sunt,
733 3780 799 3823 non
825 3780 885 3842 per
910 3759 1177 3842 perturbaciones
1204 3757 1379 3836 naturales,
1405 3759 1464 3822 sed
1490 3778 1549 3840 per
1579 3758 1726 3821 raciones
1752 3755 1841 3820 ordi·

489 3880 605 3957 narias,
631 3899 707 3962 quae
734 3890 919 3945 monstrant
949 3879 1014 3944 Dei
1045 3878 1334 3962 omnipotenciam‚
1358 3879 1567 3961 sapiendam,
1593 3887 1628 3942 et
1652 3876 1838 3940 bonitatem

487 4020 677 4083 congruere,
700 4009 737 4065 ut
759 4000 840 4066 talia
862 4002 971 4068 iaciat.
1017 4001 1102 4065 Haec
1126 4000 1281 4064 dominus
1303 3998 1444 4063 Lincoln
1466 4020 1565 4082 super
1588 4007 1721 4063 textum
1744 3996 1840 4081 Apo·

488 4121 565 4185 stoli
589 4120 683 4184 Pauli
706 4121 749 4186 ad
774 4121 850 4186 Cor.
873 4133 909 4208 3⁰
931 4129 1017 4206 cap0.

576 4251 615 4318 [p.
632 4251 704 4318 ⁵²5·]
747 4251 1000 4309 Fornioaoionis
1028 4251 1124 4319 signs
1154 4253 1213 4308 aut
1242 4250 1378 4307 motiva.
1424 4243 1499 4308 Νοὲ
1526 4241 1739 4306 maledictum
1767 4259 1839 4303 esse
