<?xml version="1.0" encoding="UTF-8"?>
<!DOCTYPE html PUBLIC "-//W3C//DTD XHTML 1.0 Transitional//EN"
    "http://www.w3.org/TR/xhtml1/DTD/xhtml1-transitional.dtd">
<html xmlns="http://www.w3.org/1999/xhtml" xml:lang="en" lang="en">
 <head>
  <title>
</title>
<meta http-equiv="Content-Type" content="text/html;charset=utf-8" />
  <meta name='ocr-system' content='tesseract 3.04.00' />
  <meta name='ocr-capabilities' content='ocr_page ocr_carea ocr_par ocr_line ocrx_word'/>
</head>
<body>
  <div class='ocr_page' id='page_1' title='image "./locielibroverit01gascgoog_0297.png"; bbox 0 0 4322 4936; ppageno 0'>
   <div class='ocr_carea' id='block_1_1' title="bbox 478 386 1453 466">
    <p class='ocr_par' dir='ltr' id='par_1_1' title="bbox 478 386 1453 466">
     <span class='ocr_line' id='line_1_1' title="bbox 478 386 1453 466; baseline -0.003 -16"><span class='ocrx_word' id='word_1_1' title='bbox 478 386 539 466; x_wconf 86' lang='lat'><strong>184</strong></span> <span class='ocrx_word' id='word_1_2' title='bbox 853 395 951 452; x_wconf 88' lang='lat' dir='ltr'><em>LOCI</em></span> <span class='ocrx_word' id='word_1_3' title='bbox 977 395 1006 448; x_wconf 89' lang='lat' dir='ltr'><em>E</em></span> <span class='ocrx_word' id='word_1_4' title='bbox 1034 394 1159 449; x_wconf 84' lang='lat' dir='ltr'><em>LIBRO</em></span> <span class='ocrx_word' id='word_1_5' title='bbox 1194 394 1453 448; x_wconf 81' lang='lat' dir='ltr'><em>VERITATUM.</em></span> 
     </span>
    </p>
   </div>
   <div class='ocr_carea' id='block_1_2' title="bbox 477 607 1912 2510">
    <p class='ocr_par' dir='ltr' id='par_1_2' title="bbox 477 607 1912 2510">
     <span class='ocr_line' id='line_1_2' title="bbox 477 607 1831 692; baseline -0.007 -16"><span class='ocrx_word' id='word_1_6' title='bbox 477 611 636 691; x_wconf 87' lang='lat' dir='ltr'><strong>themate,</strong></span> <span class='ocrx_word' id='word_1_7' title='bbox 660 623 739 677; x_wconf 92' lang='lat' dir='ltr'><strong>tunc</strong></span> <span class='ocrx_word' id='word_1_8' title='bbox 766 612 912 676; x_wconf 86' lang='lat' dir='ltr'>declaret</span> <span class='ocrx_word' id='word_1_9' title='bbox 939 611 1111 674; x_wconf 86' lang='lat' dir='ltr'><strong>materiam</strong></span> <span class='ocrx_word' id='word_1_10' title='bbox 1138 610 1351 692; x_wconf 84' lang='lat' dir='ltr'><strong>propositam,</strong></span> <span class='ocrx_word' id='word_1_11' title='bbox 1380 619 1414 674; x_wconf 89' lang='lat' dir='ltr'><strong>et</strong></span> <span class='ocrx_word' id='word_1_12' title='bbox 1440 609 1496 672; x_wconf 93' lang='lat' dir='ltr'><strong>illa</strong></span> <span class='ocrx_word' id='word_1_13' title='bbox 1522 629 1597 691; x_wconf 86' lang='lat' dir='ltr'><strong>quae</strong></span> <span class='ocrx_word' id='word_1_14' title='bbox 1620 607 1831 679; x_wconf 88' lang='lat' dir='ltr'><strong>includuntur</strong></span> 
     </span>
     <span class='ocr_line' id='line_1_3' title="bbox 478 727 1830 814; baseline -0.004 -21"><span class='ocrx_word' id='word_1_15' title='bbox 478 733 511 794; x_wconf 95' lang='lat' dir='ltr'><strong>in</strong></span> <span class='ocrx_word' id='word_1_16' title='bbox 544 731 601 795; x_wconf 90' lang='lat' dir='ltr'><strong>illa</strong></span> <span class='ocrx_word' id='word_1_17' title='bbox 636 732 772 796; x_wconf 91' lang='lat' dir='ltr'><strong>materia</strong></span> <span class='ocrx_word' id='word_1_18' title='bbox 802 731 980 814; x_wconf 89' lang='lat' dir='ltr'><strong>proposita,</strong></span> <span class='ocrx_word' id='word_1_19' title='bbox 1010 739 1044 793; x_wconf 91' lang='lat' dir='ltr'><strong>et</strong></span> <span class='ocrx_word' id='word_1_20' title='bbox 1080 730 1252 793; x_wconf 86' lang='lat' dir='ltr'><strong>materiam</strong></span> <span class='ocrx_word' id='word_1_21' title='bbox 1287 729 1490 813; x_wconf 87' lang='lat' dir='ltr'><strong>propositam</strong></span> <span class='ocrx_word' id='word_1_22' title='bbox 1521 730 1553 792; x_wconf 91' lang='lat' dir='ltr'><strong>in</strong></span> <span class='ocrx_word' id='word_1_23' title='bbox 1584 727 1744 812; x_wconf 89' lang='lat' dir='ltr'><strong>principio</strong></span> <span class='ocrx_word' id='word_1_24' title='bbox 1781 727 1830 790; x_wconf 91' lang='lat' dir='ltr'><strong>sui</strong></span> 
     </span>
     <span class='ocr_line' id='line_1_4' title="bbox 478 847 1830 935; baseline -0.003 -19"><span class='ocrx_word' id='word_1_25' title='bbox 478 854 639 917; x_wconf 88' lang='lat' dir='ltr'><strong>sermonis</strong></span> <span class='ocrx_word' id='word_1_26' title='bbox 660 847 707 918; x_wconf 89' lang='lat' dir='ltr'><strong>ita</strong></span> <span class='ocrx_word' id='word_1_27' title='bbox 722 854 868 917; x_wconf 89' lang='lat' dir='ltr'><strong>declaret</strong></span> <span class='ocrx_word' id='word_1_28' title='bbox 889 852 1094 935; x_wconf 86' lang='lat' dir='ltr'><strong>praedicator,</strong></span> <span class='ocrx_word' id='word_1_29' title='bbox 1109 852 1199 933; x_wconf 95' lang='lat' dir='ltr'><strong>quod</strong></span> <span class='ocrx_word' id='word_1_30' title='bbox 1220 871 1286 914; x_wconf 94' lang='lat' dir='ltr'><strong>non</strong></span> <span class='ocrx_word' id='word_1_31' title='bbox 1304 851 1417 914; x_wconf 87' lang='lat' dir='ltr'><strong>recitet</strong></span> <span class='ocrx_word' id='word_1_32' title='bbox 1438 849 1663 915; x_wconf 89' lang='lat' dir='ltr'><strong>conclusiones</strong></span> <span class='ocrx_word' id='word_1_33' title='bbox 1683 849 1830 913; x_wconf 85' lang='lat' dir='ltr'><strong>materiae</strong></span> 
     </span>
     <span class='ocr_line' id='line_1_5' title="bbox 478 972 1831 1056; baseline -0.003 -19"><span class='ocrx_word' id='word_1_34' title='bbox 478 976 511 1037; x_wconf 92' lang='lat' dir='ltr'><strong>in</strong></span> <span class='ocrx_word' id='word_1_35' title='bbox 539 996 686 1050; x_wconf 90' lang='lat' dir='ltr'><strong>numero,</strong></span> <span class='ocrx_word' id='word_1_36' title='bbox 711 975 769 1038; x_wconf 90' lang='lat' dir='ltr'><strong>sed</strong></span> <span class='ocrx_word' id='word_1_37' title='bbox 794 974 940 1038; x_wconf 87' lang='lat' dir='ltr'><strong>declaret</strong></span> <span class='ocrx_word' id='word_1_38' title='bbox 973 973 1145 1036; x_wconf 88' lang='lat' dir='ltr'><strong>materiam</strong></span> <span class='ocrx_word' id='word_1_39' title='bbox 1175 973 1380 1056; x_wconf 90' lang='lat' dir='ltr'><strong>propositam</strong></span> <span class='ocrx_word' id='word_1_40' title='bbox 1411 974 1592 1035; x_wconf 92' lang='lat' dir='ltr'><strong>secundum</strong></span> <span class='ocrx_word' id='word_1_41' title='bbox 1623 972 1831 1054; x_wconf 80' lang='lat' dir='ltr'><strong>exigendam</strong></span> 
     </span>
     <span class='ocr_line' id='line_1_6' title="bbox 478 1089 1831 1179; baseline -0.006 -19"><span class='ocrx_word' id='word_1_42' title='bbox 478 1098 624 1161; x_wconf 83' lang='lat' dir='ltr'><strong>materiae</strong></span> <span class='ocrx_word' id='word_1_43' title='bbox 651 1089 685 1162; x_wconf 78' lang='lat' dir='ltr'><strong>et</strong></span> <span class='ocrx_word' id='word_1_44' title='bbox 708 1098 889 1161; x_wconf 88' lang='lat' dir='ltr'><strong>secundum</strong></span> <span class='ocrx_word' id='word_1_45' title='bbox 913 1096 1120 1179; x_wconf 90' lang='lat' dir='ltr'><strong>exigenciam</strong></span> <span class='ocrx_word' id='word_1_46' title='bbox 1148 1105 1182 1158; x_wconf 89' lang='lat' dir='ltr'><strong>et</strong></span> <span class='ocrx_word' id='word_1_47' title='bbox 1208 1093 1384 1158; x_wconf 89' lang='lat' dir='ltr'><strong>utilitatem</strong></span> <span class='ocrx_word' id='word_1_48' title='bbox 1413 1095 1594 1158; x_wconf 84' lang='lat' dir='ltr'><strong>audienciae</strong></span> <span class='ocrx_word' id='word_1_49' title='bbox 1620 1094 1663 1156; x_wconf 89' lang='lat' dir='ltr'><strong>ad</strong></span> <span class='ocrx_word' id='word_1_50' title='bbox 1690 1093 1831 1156; x_wconf 89' lang='lat' dir='ltr'><strong>salutem</strong></span> 
     </span>
     <span class='ocr_line' id='line_1_7' title="bbox 478 1214 1832 1300; baseline -0.004 -20"><span class='ocrx_word' id='word_1_51' title='bbox 478 1218 622 1296; x_wconf 84' lang='lat' dir='ltr'><strong>animae3</strong></span> <span class='ocrx_word' id='word_1_52' title='bbox 644 1227 690 1298; x_wconf 29' lang='lat' dir='ltr'><strong>,ut</strong></span> <span class='ocrx_word' id='word_1_53' title='bbox 719 1220 745 1282; x_wconf 93' lang='lat' dir='ltr'><strong>si</strong></span> <span class='ocrx_word' id='word_1_54' title='bbox 768 1218 847 1282; x_wconf 91' lang='lat' dir='ltr'><strong>velit</strong></span> <span class='ocrx_word' id='word_1_55' title='bbox 871 1218 1049 1300; x_wconf 85' lang='lat' dir='ltr'><strong>praedicare</strong></span> <span class='ocrx_word' id='word_1_56' title='bbox 1073 1217 1116 1279; x_wconf 90' lang='lat' dir='ltr'><strong>de</strong></span> <span class='ocrx_word' id='word_1_57' title='bbox 1142 1217 1261 1280; x_wconf 90' lang='lat' dir='ltr'><strong>timore</strong></span> <span class='ocrx_word' id='word_1_58' title='bbox 1284 1217 1348 1279; x_wconf 92' lang='lat' dir='ltr'><strong>Dei</strong></span> <span class='ocrx_word' id='word_1_59' title='bbox 1375 1217 1521 1279; x_wconf 88' lang='lat' dir='ltr'><strong>declaret</strong></span> <span class='ocrx_word' id='word_1_60' title='bbox 1544 1215 1634 1278; x_wconf 90' lang='lat' dir='ltr'><strong>illam</strong></span> <span class='ocrx_word' id='word_1_61' title='bbox 1658 1214 1832 1277; x_wconf 88' lang='lat' dir='ltr'><strong>materiam</strong></span> 
     </span>
     <span class='ocr_line' id='line_1_8' title="bbox 479 1337 1832 1417; baseline -0.003 -15"><span class='ocrx_word' id='word_1_62' title='bbox 479 1348 513 1402; x_wconf 87' lang='lat' dir='ltr'><strong>et</strong></span> <span class='ocrx_word' id='word_1_63' title='bbox 534 1338 659 1402; x_wconf 90' lang='lat' dir='ltr'><strong>inclusa</strong></span> <span class='ocrx_word' id='word_1_64' title='bbox 682 1339 714 1402; x_wconf 91' lang='lat' dir='ltr'><strong>in</strong></span> <span class='ocrx_word' id='word_1_65' title='bbox 738 1338 794 1402; x_wconf 94' lang='lat' dir='ltr'><strong>illa</strong></span> <span class='ocrx_word' id='word_1_66' title='bbox 817 1339 963 1417; x_wconf 91' lang='lat' dir='ltr'><strong>materia,</strong></span> <span class='ocrx_word' id='word_1_67' title='bbox 979 1347 1013 1402; x_wconf 90' lang='lat' dir='ltr'><strong>et</strong></span> <span class='ocrx_word' id='word_1_68' title='bbox 1035 1347 1113 1402; x_wconf 93' lang='lat' dir='ltr'><strong>tunc</strong></span> <span class='ocrx_word' id='word_1_69' title='bbox 1133 1359 1198 1400; x_wconf 92' lang='lat' dir='ltr'><strong>non</strong></span> <span class='ocrx_word' id='word_1_70' title='bbox 1219 1339 1317 1416; x_wconf 89' lang='lat' dir='ltr'><strong>dicat,</strong></span> <span class='ocrx_word' id='word_1_71' title='bbox 1334 1337 1453 1400; x_wconf 90' lang='lat' dir='ltr'><strong>‘Tales</strong></span> <span class='ocrx_word' id='word_1_72' title='bbox 1475 1338 1700 1402; x_wconf 80' lang='lat' dir='ltr'><strong>conclusiones</strong></span> <span class='ocrx_word' id='word_1_73' title='bbox 1723 1346 1756 1400; x_wconf 92' lang='lat' dir='ltr'><strong>et</strong></span> <span class='ocrx_word' id='word_1_74' title='bbox 1780 1345 1832 1399; x_wconf 90' lang='lat' dir='ltr'><strong>tot</strong></span> 
     </span>
     <span class='ocr_line' id='line_1_9' title="bbox 479 1455 1831 1547; baseline -0.004 -23"><span class='ocrx_word' id='word_1_75' title='bbox 479 1459 706 1524; x_wconf 89' lang='lat' dir='ltr'><strong>conclusiones</strong></span> <span class='ocrx_word' id='word_1_76' title='bbox 726 1459 803 1523; x_wconf 93' lang='lat' dir='ltr'><strong>volo</strong></span> <span class='ocrx_word' id='word_1_77' title='bbox 823 1459 990 1524; x_wconf 89' lang='lat' dir='ltr'><strong>declarare</strong></span> <span class='ocrx_word' id='word_1_78' title='bbox 1010 1460 1043 1522; x_wconf 91' lang='lat' dir='ltr'><strong>in</strong></span> <span class='ocrx_word' id='word_1_79' title='bbox 1060 1459 1123 1523; x_wconf 89' lang='lat' dir='ltr'><strong>ista</strong></span> <span class='ocrx_word' id='word_1_80' title='bbox 1139 1455 1295 1547; x_wconf 79' lang='lat' dir='ltr'><strong>materia,’</strong></span> <span class='ocrx_word' id='word_1_81' title='bbox 1311 1459 1368 1522; x_wconf 92' lang='lat' dir='ltr'><strong>sed</strong></span> <span class='ocrx_word' id='word_1_82' title='bbox 1389 1460 1486 1537; x_wconf 90' lang='lat' dir='ltr'><strong>dicat,</strong></span> <span class='ocrx_word' id='word_1_83' title='bbox 1504 1458 1640 1523; x_wconf 88' lang='lat' dir='ltr'><strong>‘Talem</strong></span> <span class='ocrx_word' id='word_1_84' title='bbox 1660 1459 1831 1521; x_wconf 90' lang='lat' dir='ltr'><strong>materiam</strong></span> 
     </span>
     <span class='ocr_line' id='line_1_10' title="bbox 479 1579 1832 1664; baseline -0.002 -20"><span class='ocrx_word' id='word_1_85' title='bbox 479 1581 557 1644; x_wconf 93' lang='lat' dir='ltr'><strong>volo</strong></span> <span class='ocrx_word' id='word_1_86' title='bbox 584 1580 751 1646; x_wconf 88' lang='lat' dir='ltr'><strong>declarare</strong></span> <span class='ocrx_word' id='word_1_87' title='bbox 777 1602 836 1663; x_wconf 91' lang='lat' dir='ltr'><strong>per</strong></span> <span class='ocrx_word' id='word_1_88' title='bbox 860 1582 923 1644; x_wconf 91' lang='lat' dir='ltr'><strong>Dei</strong></span> <span class='ocrx_word' id='word_1_89' title='bbox 950 1582 1104 1664; x_wconf 85' lang='lat' dir='ltr'><strong>graciam,</strong></span> <span class='ocrx_word' id='word_1_90' title='bbox 1128 1580 1212 1644; x_wconf 92' lang='lat' dir='ltr'><strong>sicut</strong></span> <span class='ocrx_word' id='word_1_91' title='bbox 1237 1581 1373 1644; x_wconf 90' lang='lat' dir='ltr'><strong>materia</strong></span> <span class='ocrx_word' id='word_1_92' title='bbox 1396 1579 1452 1643; x_wconf 91' lang='lat' dir='ltr'><strong>illa</strong></span> <span class='ocrx_word' id='word_1_93' title='bbox 1478 1581 1653 1657; x_wconf 89' lang='lat' dir='ltr'><strong>concernit,</strong></span> <span class='ocrx_word' id='word_1_94' title='bbox 1673 1580 1724 1643; x_wconf 90' lang='lat' dir='ltr'><strong>vel</strong></span> <span class='ocrx_word' id='word_1_95' title='bbox 1748 1579 1832 1642; x_wconf 89' lang='lat' dir='ltr'><strong>sicut</strong></span> 
     </span>
     <span class='ocr_line' id='line_1_11' title="bbox 479 1697 1912 1778; baseline -0.006 -8"><span class='ocrx_word' id='word_1_96' title='bbox 479 1701 611 1770; x_wconf 87' lang='lat' dir='ltr'><strong>videtur</strong></span> <span class='ocrx_word' id='word_1_97' title='bbox 631 1701 730 1767; x_wconf 90' lang='lat' dir='ltr'><strong>michi</strong></span> <span class='ocrx_word' id='word_1_98' title='bbox 753 1723 825 1767; x_wconf 88' lang='lat' dir='ltr'><strong>esse</strong></span> <span class='ocrx_word' id='word_1_99' title='bbox 847 1701 926 1766; x_wconf 92' lang='lat' dir='ltr'><strong>utile</strong></span> <span class='ocrx_word' id='word_1_100' title='bbox 945 1701 1043 1765; x_wconf 88' lang='lat' dir='ltr'><strong>saluti</strong></span> <span class='ocrx_word' id='word_1_101' title='bbox 1067 1701 1252 1764; x_wconf 90' lang='lat' dir='ltr'><strong>animarum</strong></span> <span class='ocrx_word' id='word_1_102' title='bbox 1268 1697 1286 1778; x_wconf 89' lang='lat'><strong>;’</strong></span> <span class='ocrx_word' id='word_1_103' title='bbox 1309 1711 1342 1764; x_wconf 89' lang='lat' dir='ltr'><strong>et</strong></span> <span class='ocrx_word' id='word_1_104' title='bbox 1365 1709 1444 1764; x_wconf 93' lang='lat' dir='ltr'><strong>tunc</strong></span> <span class='ocrx_word' id='word_1_105' title='bbox 1467 1699 1613 1765; x_wconf 90' lang='lat' dir='ltr'><strong>declaret</strong></span> <span class='ocrx_word' id='word_1_106' title='bbox 1635 1701 1753 1764; x_wconf 90' lang='lat' dir='ltr'><strong>doctor</strong></span> <span class='ocrx_word' id='word_1_107' title='bbox 1774 1720 1830 1762; x_wconf 91' lang='lat' dir='ltr'><strong>seu</strong></span> <span class='ocrx_word' id='word_1_108' title='bbox 1910 1771 1912 1776; x_wconf 21' lang='lat'><strong><em>¹</em></strong></span> 
     </span>
     <span class='ocr_line' id='line_1_12' title="bbox 481 1820 1833 1906; baseline -0.001 -22"><span class='ocrx_word' id='word_1_109' title='bbox 481 1823 679 1904; x_wconf 86' lang='lat' dir='ltr'><strong>praedicator</strong></span> <span class='ocrx_word' id='word_1_110' title='bbox 717 1824 889 1887; x_wconf 88' lang='lat' dir='ltr'><strong>materiam</strong></span> <span class='ocrx_word' id='word_1_111' title='bbox 927 1823 1132 1906; x_wconf 88' lang='lat' dir='ltr'><strong>propositam</strong></span> <span class='ocrx_word' id='word_1_112' title='bbox 1169 1822 1349 1886; x_wconf 88' lang='lat' dir='ltr'><strong>secundum</strong></span> <span class='ocrx_word' id='word_1_113' title='bbox 1389 1822 1594 1904; x_wconf 90' lang='lat' dir='ltr'><strong>exigenciam</strong></span> <span class='ocrx_word' id='word_1_114' title='bbox 1633 1831 1666 1885; x_wconf 88' lang='lat' dir='ltr'><strong>et</strong></span> <span class='ocrx_word' id='word_1_115' title='bbox 1702 1820 1833 1884; x_wconf 90' lang='lat' dir='ltr'><strong>habitu·</strong></span> 
     </span>
     <span class='ocr_line' id='line_1_13' title="bbox 481 1943 1834 2026; baseline -0.001 -20"><span class='ocrx_word' id='word_1_116' title='bbox 481 1945 605 2020; x_wconf 90' lang='lat' dir='ltr'><strong>dinem,</strong></span> <span class='ocrx_word' id='word_1_117' title='bbox 633 1944 652 2006; x_wconf 94' lang='lat' dir='ltr'><strong>i.</strong></span> <span class='ocrx_word' id='word_1_118' title='bbox 670 1966 698 2008; x_wconf 90' lang='lat' dir='ltr'><strong>e.</strong></span> <span class='ocrx_word' id='word_1_119' title='bbox 722 1944 892 2026; x_wconf 87' lang='lat' dir='ltr'><strong>sequelam</strong></span> <span class='ocrx_word' id='word_1_120' title='bbox 926 1943 1012 2006; x_wconf 91' lang='lat' dir='ltr'><strong>illius</strong></span> <span class='ocrx_word' id='word_1_121' title='bbox 1039 1943 1195 2021; x_wconf 74' lang='lat' dir='ltr'><strong>materiae,</strong></span> <span class='ocrx_word' id='word_1_122' title='bbox 1217 1943 1301 2006; x_wconf 90' lang='lat' dir='ltr'><strong>sicut</strong></span> <span class='ocrx_word' id='word_1_123' title='bbox 1330 1943 1503 2026; x_wconf 89' lang='lat' dir='ltr'><strong>theologus</strong></span> <span class='ocrx_word' id='word_1_124' title='bbox 1527 1943 1708 2008; x_wconf 87' lang='lat' dir='ltr'><strong>declararet</strong></span> <span class='ocrx_word' id='word_1_125' title='bbox 1729 1950 1834 2004; x_wconf 90' lang='lat' dir='ltr'><strong>mate·</strong></span> 
     </span>
     <span class='ocr_line' id='line_1_14' title="bbox 481 2063 1833 2148; baseline -0.001 -21"><span class='ocrx_word' id='word_1_126' title='bbox 481 2066 563 2128; x_wconf 92' lang='lat' dir='ltr'><strong>riam</strong></span> <span class='ocrx_word' id='word_1_127' title='bbox 583 2066 796 2148; x_wconf 85' lang='lat' dir='ltr'><strong>propositam,</strong></span> <span class='ocrx_word' id='word_1_128' title='bbox 813 2066 846 2129; x_wconf 92' lang='lat' dir='ltr'><strong>in</strong></span> <span class='ocrx_word' id='word_1_129' title='bbox 867 2064 1012 2129; x_wconf 90' lang='lat' dir='ltr'><strong>leccione</strong></span> <span class='ocrx_word' id='word_1_130' title='bbox 1030 2085 1089 2126; x_wconf 90' lang='lat' dir='ltr'><strong>sua</strong></span> <span class='ocrx_word' id='word_1_131' title='bbox 1107 2064 1271 2128; x_wconf 91' lang='lat' dir='ltr'><strong>ordinaria</strong></span> <span class='ocrx_word' id='word_1_132' title='bbox 1291 2063 1343 2127; x_wconf 90' lang='lat' dir='ltr'><strong>vel</strong></span> <span class='ocrx_word' id='word_1_133' title='bbox 1367 2065 1637 2139; x_wconf 90' lang='lat' dir='ltr'><strong>extraordinaria,</strong></span> <span class='ocrx_word' id='word_1_134' title='bbox 1653 2063 1833 2128; x_wconf 89' lang='lat' dir='ltr'><strong>secundum</strong></span> 
     </span>
     <span class='ocr_line' id='line_1_15' title="bbox 481 2185 1832 2269; baseline -0.003 -20"><span class='ocrx_word' id='word_1_135' title='bbox 481 2187 689 2269; x_wconf 90' lang='lat' dir='ltr'><strong>exigenciam</strong></span> <span class='ocrx_word' id='word_1_136' title='bbox 711 2187 858 2250; x_wconf 73' lang='lat' dir='ltr'><strong>materiae</strong></span> <span class='ocrx_word' id='word_1_137' title='bbox 881 2186 1068 2268; x_wconf 72' lang='lat' dir='ltr'><strong>propositae,</strong></span> <span class='ocrx_word' id='word_1_138' title='bbox 1086 2195 1119 2248; x_wconf 91' lang='lat' dir='ltr'><strong>et</strong></span> <span class='ocrx_word' id='word_1_139' title='bbox 1141 2186 1322 2249; x_wconf 89' lang='lat' dir='ltr'><strong>secundum</strong></span> <span class='ocrx_word' id='word_1_140' title='bbox 1342 2185 1422 2248; x_wconf 93' lang='lat' dir='ltr'><strong>illud</strong></span> <span class='ocrx_word' id='word_1_141' title='bbox 1446 2187 1535 2268; x_wconf 92' lang='lat' dir='ltr'><strong>quod</strong></span> <span class='ocrx_word' id='word_1_142' title='bbox 1560 2186 1695 2250; x_wconf 87' lang='lat' dir='ltr'><strong>materia</strong></span> <span class='ocrx_word' id='word_1_143' title='bbox 1714 2205 1832 2267; x_wconf 90' lang='lat' dir='ltr'><strong>propo-</strong></span> 
     </span>
     <span class='ocr_line' id='line_1_16' title="bbox 481 2305 1833 2389; baseline -0.003 -19"><span class='ocrx_word' id='word_1_144' title='bbox 481 2308 544 2370; x_wconf 89' lang='lat' dir='ltr'><strong>sita</strong></span> <span class='ocrx_word' id='word_1_145' title='bbox 565 2308 671 2388; x_wconf 84' lang='lat' dir='ltr'><strong>exigit</strong></span> <span class='ocrx_word' id='word_1_146' title='bbox 694 2317 728 2371; x_wconf 92' lang='lat' dir='ltr'><strong>et</strong></span> <span class='ocrx_word' id='word_1_147' title='bbox 754 2307 897 2388; x_wconf 90' lang='lat' dir='ltr'><strong>requirit,</strong></span> <span class='ocrx_word' id='word_1_148' title='bbox 912 2317 945 2370; x_wconf 86' lang='lat' dir='ltr'><strong>et</strong></span> <span class='ocrx_word' id='word_1_149' title='bbox 964 2307 1145 2370; x_wconf 91' lang='lat' dir='ltr'><strong>secundum</strong></span> <span class='ocrx_word' id='word_1_150' title='bbox 1166 2305 1394 2369; x_wconf 90' lang='lat' dir='ltr'><strong>habitudinem</strong></span> <span class='ocrx_word' id='word_1_151' title='bbox 1418 2327 1475 2369; x_wconf 92' lang='lat' dir='ltr'><strong>seu</strong></span> <span class='ocrx_word' id='word_1_152' title='bbox 1497 2306 1664 2389; x_wconf 89' lang='lat' dir='ltr'><strong>sequelam</strong></span> <span class='ocrx_word' id='word_1_153' title='bbox 1688 2306 1833 2369; x_wconf 84' lang='lat' dir='ltr'><strong>materiae</strong></span> 
     </span>
     <span class='ocr_line' id='line_1_17' title="bbox 481 2427 1833 2510; baseline -0.003 -19"><span class='ocrx_word' id='word_1_154' title='bbox 481 2429 668 2510; x_wconf 90' lang='lat' dir='ltr'><strong>propositae,</strong></span> <span class='ocrx_word' id='word_1_155' title='bbox 697 2436 730 2491; x_wconf 88' lang='lat' dir='ltr'><strong>et</strong></span> <span class='ocrx_word' id='word_1_156' title='bbox 752 2427 932 2491; x_wconf 89' lang='lat' dir='ltr'><strong>secundum</strong></span> <span class='ocrx_word' id='word_1_157' title='bbox 965 2427 1054 2509; x_wconf 91' lang='lat' dir='ltr'><strong>quod</strong></span> <span class='ocrx_word' id='word_1_158' title='bbox 1083 2428 1221 2490; x_wconf 85' lang='lat' dir='ltr'><strong>materia</strong></span> <span class='ocrx_word' id='word_1_159' title='bbox 1251 2427 1448 2491; x_wconf 87' lang='lat' dir='ltr'><strong>declaranda</strong></span> <span class='ocrx_word' id='word_1_160' title='bbox 1477 2429 1653 2501; x_wconf 89' lang='lat' dir='ltr'><strong>concernit,</strong></span> <span class='ocrx_word' id='word_1_161' title='bbox 1681 2435 1714 2490; x_wconf 91' lang='lat' dir='ltr'><strong>et</strong></span> <span class='ocrx_word' id='word_1_162' title='bbox 1745 2427 1833 2488; x_wconf 90' lang='lat' dir='ltr'><strong>dicat</strong></span> 
     </span>
    </p>
   </div>
   <div class='ocr_carea' id='block_1_3' title="bbox 482 2547 1833 2631">
    <p class='ocr_par' dir='ltr' id='par_1_3' title="bbox 482 2547 1833 2631">
     <span class='ocr_line' id='line_1_18' title="bbox 482 2547 1833 2631; baseline -0.001 -21"><span class='ocrx_word' id='word_1_163' title='bbox 482 2549 678 2631; x_wconf 80' lang='lat' dir='ltr'><strong>praedicator</strong></span> <span class='ocrx_word' id='word_1_164' title='bbox 700 2548 784 2612; x_wconf 91' lang='lat' dir='ltr'><strong>sicut</strong></span> <span class='ocrx_word' id='word_1_165' title='bbox 807 2548 895 2612; x_wconf 88' lang='lat' dir='ltr'><strong>dixit</strong></span> <span class='ocrx_word' id='word_1_166' title='bbox 919 2547 1062 2612; x_wconf 90' lang='lat' dir='ltr'><strong>Sanctus</strong></span> <span class='ocrx_word' id='word_1_167' title='bbox 1084 2547 1272 2628; x_wconf 88' lang='lat' dir='ltr'><strong>Jeronimus</strong></span> <span class='ocrx_word' id='word_1_168' title='bbox 1294 2549 1337 2611; x_wconf 90' lang='lat' dir='ltr'><strong>ad</strong></span> <span class='ocrx_word' id='word_1_169' title='bbox 1361 2557 1509 2612; x_wconf 89' lang='lat' dir='ltr'><strong>sanctam</strong></span> <span class='ocrx_word' id='word_1_170' title='bbox 1532 2549 1691 2630; x_wconf 88' lang='lat' dir='ltr'><strong>virginem</strong></span> <span class='ocrx_word' id='word_1_171' title='bbox 1712 2547 1833 2609; x_wconf 92' lang='lat' dir='ltr'><strong>Eusto-</strong></span> 
     </span>
    </p>
   </div>
   <div class='ocr_carea' id='block_1_4' title="bbox 457 2668 1838 4325">
    <p class='ocr_par' dir='ltr' id='par_1_4' title="bbox 483 2668 1441 2752">
     <span class='ocr_line' id='line_1_19' title="bbox 483 2668 1441 2752; baseline -0.002 -20"><span class='ocrx_word' id='word_1_172' title='bbox 483 2669 594 2732; x_wconf 90' lang='lat' dir='ltr'><strong>chium</strong></span> <span class='ocrx_word' id='word_1_173' title='bbox 618 2669 650 2732; x_wconf 93' lang='lat' dir='ltr'><strong>in</strong></span> <span class='ocrx_word' id='word_1_174' title='bbox 674 2668 812 2752; x_wconf 87' lang='lat' dir='ltr'><strong>prologo</strong></span> <span class='ocrx_word' id='word_1_175' title='bbox 835 2669 908 2732; x_wconf 78' lang='lat' dir='ltr'><strong>libri</strong></span> <span class='ocrx_word' id='word_1_176' title='bbox 932 2669 1037 2750; x_wconf 89' lang='lat' dir='ltr'><strong>quinti</strong></span> <span class='ocrx_word' id='word_1_177' title='bbox 1061 2670 1112 2733; x_wconf 91' lang='lat' dir='ltr'><strong>sui</strong></span> <span class='ocrx_word' id='word_1_178' title='bbox 1135 2689 1233 2751; x_wconf 92' lang='lat' dir='ltr'><strong>super</strong></span> <span class='ocrx_word' id='word_1_179' title='bbox 1256 2669 1441 2732; x_wconf 86' lang='lat' dir='ltr'><strong>Ezechiele.</strong></span> 
     </span>
    </p>

    <p class='ocr_par' dir='ltr' id='par_1_5' title="bbox 457 2787 1838 4325">
     <span class='ocr_line' id='line_1_20' title="bbox 570 2787 1833 2872; baseline -0.002 -20"><span class='ocrx_word' id='word_1_180' title='bbox 570 2799 605 2866; x_wconf 84' lang='lat' dir='ltr'><strong>[p.</strong></span> <span class='ocrx_word' id='word_1_181' title='bbox 622 2797 694 2866; x_wconf 66' lang='lat'><strong>447]</strong></span> <span class='ocrx_word' id='word_1_182' title='bbox 740 2789 785 2853; x_wconf 90' lang='lat' dir='ltr'><strong>Et</strong></span> <span class='ocrx_word' id='word_1_183' title='bbox 811 2789 876 2852; x_wconf 88' lang='lat' dir='ltr'><strong>isto</strong></span> <span class='ocrx_word' id='word_1_184' title='bbox 903 2790 1005 2852; x_wconf 93' lang='lat' dir='ltr'><strong>modo</strong></span> <span class='ocrx_word' id='word_1_185' title='bbox 1031 2791 1169 2852; x_wconf 90' lang='lat' dir='ltr'><strong>intendo</strong></span> <span class='ocrx_word' id='word_1_186' title='bbox 1196 2810 1258 2872; x_wconf 90' lang='lat' dir='ltr'><strong>ego</strong></span> <span class='ocrx_word' id='word_1_187' title='bbox 1288 2790 1444 2870; x_wconf 89' lang='lat' dir='ltr'><strong>deinceps</strong></span> <span class='ocrx_word' id='word_1_188' title='bbox 1468 2789 1657 2871; x_wconf 87' lang='lat' dir='ltr'><strong>praedicare,</strong></span> <span class='ocrx_word' id='word_1_189' title='bbox 1684 2809 1743 2871; x_wconf 88' lang='lat' dir='ltr'><strong>per</strong></span> <span class='ocrx_word' id='word_1_190' title='bbox 1770 2787 1833 2850; x_wconf 93' lang='lat' dir='ltr'><strong>Dei</strong></span> 
     </span>
     <span class='ocr_line' id='line_1_21' title="bbox 482 2910 1835 2995; baseline -0.002 -20"><span class='ocrx_word' id='word_1_191' title='bbox 482 2912 637 2995; x_wconf 87' lang='lat' dir='ltr'><strong>graciam,</strong></span> <span class='ocrx_word' id='word_1_192' title='bbox 670 2931 714 2976; x_wconf 92' lang='lat' dir='ltr'><strong>sc.</strong></span> <span class='ocrx_word' id='word_1_193' title='bbox 739 2912 894 2974; x_wconf 89' lang='lat' dir='ltr'><strong>materias</strong></span> <span class='ocrx_word' id='word_1_194' title='bbox 921 2912 1132 2987; x_wconf 87' lang='lat' dir='ltr'><strong>necessarias,</strong></span> <span class='ocrx_word' id='word_1_195' title='bbox 1164 2912 1207 2975; x_wconf 94' lang='lat' dir='ltr'><strong>de</strong></span> <span class='ocrx_word' id='word_1_196' title='bbox 1240 2912 1358 2993; x_wconf 90' lang='lat' dir='ltr'><strong>quibus</strong></span> <span class='ocrx_word' id='word_1_197' title='bbox 1390 2911 1479 2992; x_wconf 90' lang='lat' dir='ltr'><strong>loqui</strong></span> <span class='ocrx_word' id='word_1_198' title='bbox 1511 2911 1656 2988; x_wconf 89' lang='lat' dir='ltr'><strong>intendo,</strong></span> <span class='ocrx_word' id='word_1_199' title='bbox 1683 2911 1717 2973; x_wconf 94' lang='lat' dir='ltr'><strong>in</strong></span> <span class='ocrx_word' id='word_1_200' title='bbox 1746 2910 1835 2992; x_wconf 93' lang='lat' dir='ltr'><strong>prin·</strong></span> 
     </span>
     <span class='ocr_line' id='line_1_22' title="bbox 483 3031 1833 3118; baseline -0.004 -20"><span class='ocrx_word' id='word_1_201' title='bbox 483 3035 569 3118; x_wconf 92' lang='lat' dir='ltr'><strong>cipio</strong></span> <span class='ocrx_word' id='word_1_202' title='bbox 603 3036 763 3097; x_wconf 89' lang='lat' dir='ltr'><strong>sermonis</strong></span> <span class='ocrx_word' id='word_1_203' title='bbox 793 3053 985 3115; x_wconf 87' lang='lat' dir='ltr'><strong>proponere,</strong></span> <span class='ocrx_word' id='word_1_204' title='bbox 1015 3042 1049 3096; x_wconf 89' lang='lat' dir='ltr'><strong>et</strong></span> <span class='ocrx_word' id='word_1_205' title='bbox 1079 3041 1234 3096; x_wconf 86' lang='lat' dir='ltr'><strong>contenta</strong></span> <span class='ocrx_word' id='word_1_206' title='bbox 1265 3033 1298 3095; x_wconf 96' lang='lat' dir='ltr'><strong>in</strong></span> <span class='ocrx_word' id='word_1_207' title='bbox 1325 3032 1450 3095; x_wconf 90' lang='lat' dir='ltr'><strong>eisdem</strong></span> <span class='ocrx_word' id='word_1_208' title='bbox 1482 3032 1627 3095; x_wconf 89' lang='lat' dir='ltr'><strong>materiis</strong></span> <span class='ocrx_word' id='word_1_209' title='bbox 1658 3031 1833 3106; x_wconf 90' lang='lat' dir='ltr'><strong>declarare,</strong></span> 
     </span>
     <span class='ocr_line' id='line_1_23' title="bbox 457 3151 1836 3238; baseline -0.004 -20"><span class='ocrx_word' id='word_1_210' title='bbox 457 3172 458 3176; x_wconf 73' lang='grc'>’</span> <span class='ocrx_word' id='word_1_211' title='bbox 482 3155 611 3238; x_wconf 87' lang='lat' dir='ltr'><strong>absque</strong></span> <span class='ocrx_word' id='word_1_212' title='bbox 633 3155 840 3218; x_wconf 75' lang='lat' dir='ltr'><strong>assumtione</strong></span> <span class='ocrx_word' id='word_1_213' title='bbox 864 3153 1002 3236; x_wconf 89' lang='lat' dir='ltr'><strong>alicujus</strong></span> <span class='ocrx_word' id='word_1_214' title='bbox 1025 3163 1141 3217; x_wconf 88' lang='lat' dir='ltr'><strong>textus</strong></span> <span class='ocrx_word' id='word_1_215' title='bbox 1165 3153 1217 3216; x_wconf 90' lang='lat' dir='ltr'><strong>vel</strong></span> <span class='ocrx_word' id='word_1_216' title='bbox 1248 3151 1404 3216; x_wconf 87' lang='lat' dir='ltr'><strong>thematis</strong></span> <span class='ocrx_word' id='word_1_217' title='bbox 1429 3153 1462 3214; x_wconf 90' lang='lat' dir='ltr'><strong>in</strong></span> <span class='ocrx_word' id='word_1_218' title='bbox 1486 3153 1646 3235; x_wconf 91' lang='lat' dir='ltr'><strong>principio</strong></span> <span class='ocrx_word' id='word_1_219' title='bbox 1676 3152 1836 3214; x_wconf 89' lang='lat' dir='ltr'><strong>sermonis</strong></span> 
     </span>
     <span class='ocr_line' id='line_1_24' title="bbox 483 3273 1837 3359; baseline -0.004 -19"><span class='ocrx_word' id='word_1_220' title='bbox 483 3275 536 3340; x_wconf 89' lang='lat' dir='ltr'><strong>vel</strong></span> <span class='ocrx_word' id='word_1_221' title='bbox 563 3275 820 3359; x_wconf 84' lang='lat' dir='ltr'><strong>praedicacionis,</strong></span> <span class='ocrx_word' id='word_1_222' title='bbox 846 3275 892 3338; x_wconf 92' lang='lat' dir='ltr'><strong>ita</strong></span> <span class='ocrx_word' id='word_1_223' title='bbox 923 3275 1013 3357; x_wconf 93' lang='lat' dir='ltr'><strong>quod</strong></span> <span class='ocrx_word' id='word_1_224' title='bbox 1041 3275 1159 3337; x_wconf 90' lang='lat' dir='ltr'><strong>modu-s</strong></span> <span class='ocrx_word' id='word_1_225' title='bbox 1189 3273 1390 3356; x_wconf 78' lang='lat' dir='ltr'><strong>praedicandi</strong></span> <span class='ocrx_word' id='word_1_226' title='bbox 1419 3273 1462 3335; x_wconf 91' lang='lat' dir='ltr'><strong>ad</strong></span> <span class='ocrx_word' id='word_1_227' title='bbox 1490 3273 1651 3354; x_wconf 92' lang='lat' dir='ltr'><strong>populum</strong></span> <span class='ocrx_word' id='word_1_228' title='bbox 1681 3280 1837 3354; x_wconf 88' lang='lat' dir='ltr'><strong>sequatur</strong></span> 
     </span>
     <span class='ocr_line' id='line_1_25' title="bbox 485 3391 1837 3478; baseline -0.004 -18"><span class='ocrx_word' id='word_1_229' title='bbox 485 3397 623 3460; x_wconf 92' lang='lat' dir='ltr'><strong>modum</strong></span> <span class='ocrx_word' id='word_1_230' title='bbox 646 3395 778 3478; x_wconf 91' lang='lat' dir='ltr'><strong>legendi</strong></span> <span class='ocrx_word' id='word_1_231' title='bbox 807 3396 981 3459; x_wconf 87' lang='lat' dir='ltr'><strong>doctorum</strong></span> <span class='ocrx_word' id='word_1_232' title='bbox 1004 3395 1138 3478; x_wconf 92' lang='lat' dir='ltr'><strong>quando</strong></span> <span class='ocrx_word' id='word_1_233' title='bbox 1168 3393 1282 3477; x_wconf 91' lang='lat' dir='ltr'><strong>legunt</strong></span> <span class='ocrx_word' id='word_1_234' title='bbox 1306 3394 1469 3456; x_wconf 91' lang='lat' dir='ltr'><strong>ordinarie</strong></span> <span class='ocrx_word' id='word_1_235' title='bbox 1497 3402 1554 3456; x_wconf 89' lang='lat' dir='ltr'><strong>aut</strong></span> <span class='ocrx_word' id='word_1_236' title='bbox 1578 3391 1837 3456; x_wconf 85' lang='lat' dir='ltr'><strong>extraordinarie</strong></span> 
     </span>
     <span class='ocr_line' id='line_1_26' title="bbox 484 3513 1836 3590; baseline -0.004 -11"><span class='ocrx_word' id='word_1_237' title='bbox 484 3517 645 3581; x_wconf 90' lang='lat' dir='ltr'><strong>lecciones</strong></span> <span class='ocrx_word' id='word_1_238' title='bbox 674 3537 751 3580; x_wconf 90' lang='lat' dir='ltr'><strong>suas</strong></span> <span class='ocrx_word' id='word_1_239' title='bbox 785 3516 817 3579; x_wconf 92' lang='lat' dir='ltr'><strong>in</strong></span> <span class='ocrx_word' id='word_1_240' title='bbox 848 3516 954 3590; x_wconf 92' lang='lat' dir='ltr'><strong>scolis,</strong></span> <span class='ocrx_word' id='word_1_241' title='bbox 980 3515 1185 3580; x_wconf 89' lang='lat' dir='ltr'><strong>declarantes</strong></span> <span class='ocrx_word' id='word_1_242' title='bbox 1215 3515 1248 3577; x_wconf 93' lang='lat' dir='ltr'><strong>in</strong></span> <span class='ocrx_word' id='word_1_243' title='bbox 1272 3534 1337 3578; x_wconf 93' lang='lat' dir='ltr'><strong>una</strong></span> <span class='ocrx_word' id='word_1_244' title='bbox 1367 3514 1512 3578; x_wconf 87' lang='lat' dir='ltr'><strong>leccione</strong></span> <span class='ocrx_word' id='word_1_245' title='bbox 1542 3533 1642 3577; x_wconf 92' lang='lat' dir='ltr'><strong>unam</strong></span> <span class='ocrx_word' id='word_1_246' title='bbox 1672 3513 1723 3576; x_wconf 91' lang='lat' dir='ltr'><strong>vel</strong></span> <span class='ocrx_word' id='word_1_247' title='bbox 1753 3513 1836 3576; x_wconf 90' lang='lat' dir='ltr'><strong>duas</strong></span> 
     </span>
     <span class='ocr_line' id='line_1_27' title="bbox 483 3634 1836 3717; baseline -0.003 -17"><span class='ocrx_word' id='word_1_248' title='bbox 483 3637 626 3702; x_wconf 89' lang='lat' dir='ltr'><strong>veltres</strong></span> <span class='ocrx_word' id='word_1_249' title='bbox 650 3637 812 3715; x_wconf 89' lang='lat' dir='ltr'><strong>materias,</strong></span> <span class='ocrx_word' id='word_1_250' title='bbox 827 3637 879 3700; x_wconf 89' lang='lat' dir='ltr'><strong>vel</strong></span> <span class='ocrx_word' id='word_1_251' title='bbox 903 3646 1058 3700; x_wconf 87' lang='lat' dir='ltr'><strong>contenta</strong></span> <span class='ocrx_word' id='word_1_252' title='bbox 1082 3637 1114 3698; x_wconf 92' lang='lat' dir='ltr'><strong>in</strong></span> <span class='ocrx_word' id='word_1_253' title='bbox 1138 3637 1273 3699; x_wconf 88' lang='lat' dir='ltr'><strong>eisdem.</strong></span> <span class='ocrx_word' id='word_1_254' title='bbox 1317 3634 1488 3717; x_wconf 88' lang='lat' dir='ltr'><strong>Antiquus</strong></span> <span class='ocrx_word' id='word_1_255' title='bbox 1510 3635 1598 3698; x_wconf 88' lang='lat' dir='ltr'><strong>enirn</strong></span> <span class='ocrx_word' id='word_1_256' title='bbox 1622 3634 1739 3697; x_wconf 88' lang='lat' dir='ltr'><strong>modus</strong></span> <span class='ocrx_word' id='word_1_257' title='bbox 1761 3653 1836 3716; x_wconf 91' lang='lat' dir='ltr'><strong>pro·</strong></span> 
     </span>
     <span class='ocr_line' id='line_1_28' title="bbox 485 3753 1835 3842; baseline -0.004 -19"><span class='ocrx_word' id='word_1_258' title='bbox 485 3759 629 3842; x_wconf 92' lang='lat' dir='ltr'><strong>ponendi</strong></span> <span class='ocrx_word' id='word_1_259' title='bbox 660 3757 886 3822; x_wconf 89' lang='lat' dir='ltr'><strong>conclusiones</strong></span> <span class='ocrx_word' id='word_1_260' title='bbox 916 3759 950 3819; x_wconf 93' lang='lat' dir='ltr'><strong>in</strong></span> <span class='ocrx_word' id='word_1_261' title='bbox 980 3757 1078 3821; x_wconf 92' lang='lat' dir='ltr'><strong>scolis</strong></span> <span class='ocrx_word' id='word_1_262' title='bbox 1102 3756 1295 3838; x_wconf 82' lang='lat' dir='ltr'><strong>Theologiae</strong></span> <span class='ocrx_word' id='word_1_263' title='bbox 1321 3757 1465 3821; x_wconf 84' lang='lat' dir='ltr'><strong>Oxoniae</strong></span> <span class='ocrx_word' id='word_1_264' title='bbox 1496 3777 1556 3838; x_wconf 88' lang='lat' dir='ltr'><strong>per</strong></span> <span class='ocrx_word' id='word_1_265' title='bbox 1585 3757 1738 3820; x_wconf 84' lang='lat' dir='ltr'><strong>doctores</strong></span> <span class='ocrx_word' id='word_1_266' title='bbox 1764 3753 1835 3829; x_wconf 85' lang='lat' dir='ltr'><strong>luit,</strong></span> 
     </span>
     <span class='ocr_line' id='line_1_29' title="bbox 485 3874 1835 3962; baseline -0.005 -18"><span class='ocrx_word' id='word_1_267' title='bbox 485 3899 669 3962; x_wconf 90' lang='lat' dir='ltr'><strong>proponere</strong></span> <span class='ocrx_word' id='word_1_268' title='bbox 691 3879 836 3961; x_wconf 90' lang='lat' dir='ltr'><strong>aliquem</strong></span> <span class='ocrx_word' id='word_1_269' title='bbox 852 3887 984 3942; x_wconf 88' lang='lat' dir='ltr'><strong>textum</strong></span> <span class='ocrx_word' id='word_1_270' title='bbox 1002 3878 1118 3941; x_wconf 86' lang='lat' dir='ltr'><strong>Bibliae</strong></span> <span class='ocrx_word' id='word_1_271' title='bbox 1142 3898 1200 3960; x_wconf 90' lang='lat' dir='ltr'><strong>per</strong></span> <span class='ocrx_word' id='word_1_272' title='bbox 1221 3879 1357 3941; x_wconf 92' lang='lat' dir='ltr'><strong>modum</strong></span> <span class='ocrx_word' id='word_1_273' title='bbox 1376 3877 1594 3942; x_wconf 90' lang='lat' dir='ltr'><strong>conclusionis</strong></span> <span class='ocrx_word' id='word_1_274' title='bbox 1616 3874 1835 3958; x_wconf 68' lang='lat' dir='ltr'><strong>disputanda,</strong></span> 
     </span>
     <span class='ocr_line' id='line_1_30' title="bbox 487 3996 1836 4083; baseline -0.004 -19"><span class='ocrx_word' id='word_1_275' title='bbox 487 4011 524 4064; x_wconf 92' lang='lat' dir='ltr'><strong>ut</strong></span> <span class='ocrx_word' id='word_1_276' title='bbox 545 4001 661 4083; x_wconf 90' lang='lat' dir='ltr'><strong>siquis</strong></span> <span class='ocrx_word' id='word_1_277' title='bbox 678 4001 810 4079; x_wconf 90' lang='lat' dir='ltr'><strong>diceret,</strong></span> <span class='ocrx_word' id='word_1_278' title='bbox 827 4009 936 4064; x_wconf 90' lang='lat' dir='ltr'><strong>utrum</strong></span> <span class='ocrx_word' id='word_1_279' title='bbox 954 3999 1066 4062; x_wconf 90' lang='lat' dir='ltr'><strong>‘Deus</strong></span> <span class='ocrx_word' id='word_1_280' title='bbox 1082 4007 1229 4062; x_wconf 89' lang='lat' dir='ltr'><strong>nostrum</strong></span> <span class='ocrx_word' id='word_1_281' title='bbox 1247 3998 1408 4080; x_wconf 80' lang='lat' dir='ltr'><strong>refugium</strong></span> <span class='ocrx_word' id='word_1_282' title='bbox 1424 4006 1457 4061; x_wconf 91' lang='lat' dir='ltr'><strong>et</strong></span> <span class='ocrx_word' id='word_1_283' title='bbox 1472 3998 1575 4062; x_wconf 91' lang='lat' dir='ltr'><strong>virtus</strong></span> <span class='ocrx_word' id='word_1_284' title='bbox 1590 3998 1641 4076; x_wconf 90' lang='lat' dir='ltr'><strong>sit,</strong></span> <span class='ocrx_word' id='word_1_285' title='bbox 1656 3996 1788 4078; x_wconf 91' lang='lat' dir='ltr'><strong>adjutor</strong></span> <span class='ocrx_word' id='word_1_286' title='bbox 1802 3997 1836 4060; x_wconf 91' lang='lat' dir='ltr'><strong>in</strong></span> 
     </span>
     <span class='ocr_line' id='line_1_31' title="bbox 486 4117 1837 4203; baseline -0.002 -19"><span class='ocrx_word' id='word_1_287' title='bbox 486 4117 795 4185; x_wconf 78' lang='lat' dir='ltr'><strong>tribulacionibusi’</strong></span> <span class='ocrx_word' id='word_1_288' title='bbox 818 4122 908 4203; x_wconf 93' lang='lat' dir='ltr'><strong>quod</strong></span> <span class='ocrx_word' id='word_1_289' title='bbox 925 4141 991 4183; x_wconf 94' lang='lat' dir='ltr'><strong>non</strong></span> <span class='ocrx_word' id='word_1_290' title='bbox 1007 4120 1155 4201; x_wconf 88' lang='lat' dir='ltr'><strong>arguitur</strong></span> <span class='ocrx_word' id='word_1_291' title='bbox 1175 4119 1221 4182; x_wconf 89' lang='lat' dir='ltr'><strong>sic</strong></span> <span class='ocrx_word' id='word_1_292' title='bbox 1240 4130 1273 4183; x_wconf 90' lang='lat' dir='ltr'><strong>et</strong></span> <span class='ocrx_word' id='word_1_293' title='bbox 1290 4121 1346 4182; x_wconf 93' lang='lat' dir='ltr'><strong>sic.</strong></span> <span class='ocrx_word' id='word_1_294' title='bbox 1394 4119 1489 4193; x_wconf 91' lang='lat' dir='ltr'><strong>Item,</strong></span> <span class='ocrx_word' id='word_1_295' title='bbox 1507 4139 1619 4200; x_wconf 83' lang='lat' dir='ltr'><strong>quaero</strong></span> <span class='ocrx_word' id='word_1_296' title='bbox 1641 4119 1673 4180; x_wconf 92' lang='lat' dir='ltr'><strong>in</strong></span> <span class='ocrx_word' id='word_1_297' title='bbox 1692 4117 1837 4181; x_wconf 85' lang='lat' dir='ltr'><strong>secunda</strong></span> 
     </span>
     <span class='ocr_line' id='line_1_32' title="bbox 487 4235 1838 4325; baseline -0.002 -20"><span class='ocrx_word' id='word_1_298' title='bbox 487 4243 623 4306; x_wconf 91' lang='lat' dir='ltr'><strong>materia</strong></span> <span class='ocrx_word' id='word_1_299' title='bbox 645 4263 719 4306; x_wconf 88' lang='lat' dir='ltr'><strong>mea</strong></span> <span class='ocrx_word' id='word_1_300' title='bbox 742 4242 951 4325; x_wconf 84' lang='lat' dir='ltr'><strong>disputanda,</strong></span> <span class='ocrx_word' id='word_1_301' title='bbox 968 4261 1010 4305; x_wconf 92' lang='lat' dir='ltr'><strong>an</strong></span> <span class='ocrx_word' id='word_1_302' title='bbox 1028 4241 1136 4304; x_wconf 84' lang='lat' dir='ltr'><strong>‘Deus</strong></span> <span class='ocrx_word' id='word_1_303' title='bbox 1155 4240 1239 4306; x_wconf 92' lang='lat' dir='ltr'><strong>vidit</strong></span> <span class='ocrx_word' id='word_1_304' title='bbox 1262 4239 1483 4322; x_wconf 88' lang='lat' dir='ltr'><strong>cogitaciones</strong></span> <span class='ocrx_word' id='word_1_305' title='bbox 1503 4235 1710 4304; x_wconf 89' lang='lat' dir='ltr'><strong>hominum?’</strong></span> <span class='ocrx_word' id='word_1_306' title='bbox 1733 4236 1838 4302; x_wconf 92' lang='lat' dir='ltr'><strong>ethic</strong></span> 
     </span>
    </p>
   </div>
   <div class='ocr_carea' id='block_1_5' title="bbox 0 0 2176 4936">
    <p class='ocr_par' dir='ltr' id='par_1_6' title="bbox 0 0 2176 4936">
     <span class='ocr_line' id='line_1_33' title="bbox 0 0 2176 4936; baseline 0 0"><span class='ocrx_word' id='word_1_307' title='bbox 0 0 2176 4936; x_wconf 95' lang='lat' dir='ltr'><strong> </strong></span> 
     </span>
    </p>
   </div>
  </div>
 </body>
</html>
