4322 4936
496 398 559 462 190
871 389 971 446 LOCI
996 389 1026 442 E
1054 389 1178 444 LIBRO
1214 391 1474 446 VERITATUM.

492 627 514 671 a
535 627 612 691 rege
632 607 828 686 habuerunt,
852 607 942 690 quod
965 607 1183 688 procederent
1207 609 1241 670 in
1264 608 1411 674 articulis
1433 609 1665 674 communitati
1688 629 1732 673 ex
1753 617 1848 692 parte

493 727 579 810 regis
602 728 802 812 propositis;
824 736 859 792 et
881 747 966 790 unus
985 727 1143 792 articulus
1164 727 1234 805 luit,
1258 731 1349 810 quod
1372 731 1592 794 communitas
1614 729 1749 812 Angliae
1771 751 1847 814 pro·

492 849 619 914 videret
648 871 709 933 pro
743 849 890 932 pecuniis
920 849 1040 932 quibus
1073 849 1281 914 Normannia
1309 851 1554 916 deffenderetur
1587 871 1648 935 per
1675 850 1847 934 Anglicos,

492 978 527 1034 et
557 971 646 1052 quod
674 969 894 1034 communitas
919 967 1055 1052 Angliae
1077 991 1144 1033 non
1174 971 1409 1036 intromitteret
1434 993 1470 1036 se
1500 973 1543 1036 de
1572 972 1669 1036 factis
1698 971 1785 1054 regis
1811 981 1846 1036 et

492 1089 703 1156 dominorum
715 1112 723 1171 ;
751 1099 784 1154 et
806 1099 879 1154 tum
903 1110 964 1154 rex
986 1091 1076 1173 prius
1103 1090 1241 1156 dederat
1263 1091 1491 1176 Andigaviam
1515 1093 1582 1176 regi
1603 1092 1735 1158 Ceciliae
1758 1092 1847 1156 exis·

491 1221 585 1277 tente
614 1223 693 1278 tunc
720 1213 753 1276 in
784 1213 931 1291 Francia,
962 1212 1040 1294 quia
1068 1211 1164 1276 aliter
1193 1232 1260 1275 non
1289 1214 1399 1295 potuit
1426 1213 1551 1278 habere
1580 1214 1730 1296 ejusdem
1760 1214 1846 1296 regis

491 1334 594 1398 filiam
618 1335 651 1398 in
678 1355 826 1412 uxorem,
852 1343 887 1398 et
915 1333 993 1416 quia
1015 1333 1088 1397 dux
1117 1332 1321 1409 Suthsolciae‚
1348 1334 1535 1400 Willelmus
1563 1335 1681 1415 Powle,
1711 1337 1845 1400 nomine

492 1456 717 1540 procuratorio
741 1457 827 1538 regis
849 1453 993 1538 Angliae‚
1020 1475 1097 1518 cum
1124 1456 1209 1538 regis
1234 1454 1366 1520 Ceciliae
1388 1456 1456 1520 filia
1479 1458 1512 1520 in
1536 1456 1646 1522 Gallia
1667 1456 1844 1530 contraxit,

492 1578 567 1642 ideo
594 1577 750 1642 dixerunt
777 1576 902 1652 Gallici,
930 1577 1020 1659 quod
1046 1597 1121 1640 eam
1148 1586 1245 1640 extra
1271 1597 1409 1659 regnum
1433 1578 1582 1642 Franciae
1608 1599 1675 1642 non
1700 1580 1843 1654 duceret,

491 1720 666 1783 quousque
696 1719 811 1763 eorum
839 1699 973 1774 amicus,
998 1717 1059 1762 rex
1085 1699 1219 1762 nomine
1241 1708 1275 1762 et
1301 1719 1368 1762 non
1391 1719 1433 1776 re,
1457 1698 1598 1778 Ceciliae,
1621 1699 1760 1764 haberet
1781 1699 1844 1762 sibi

490 1830 525 1885 et
547 1819 788 1884 successoribus
809 1817 966 1883 collatum
989 1837 1010 1881 a
1032 1838 1109 1900 rege
1130 1817 1266 1902 Angliae
1288 1820 1446 1883 ducatum
1469 1819 1687 1903 Andegaviae,
1710 1829 1745 1884 et
1766 1821 1843 1902 quia

490 1941 581 2005 idem
608 1941 680 2004 dux
707 1960 783 2005 cum
810 1940 928 2004 eadem
954 1939 1045 2023 prius
1070 1941 1247 2018 contraxit,
1271 1941 1406 2004 nomine
1433 1941 1519 2024 regis
1542 1941 1686 2023 Angliae,
1708 1950 1747 2004 ut
1772 1940 1843 2022 ejus

489 2071 691 2147 procurator,
715 2073 749 2127 et
771 2062 850 2144 quia
872 2061 961 2125 idem
983 2061 1055 2140 dux
1074 2061 1241 2125 maximus
1264 2061 1326 2126 suit
1348 2082 1423 2126 cum
1447 2081 1524 2145 rege
1540 2061 1676 2145 Angliae
1696 2060 1843 2126 Henrico

491 2183 609 2262 Sexto,
635 2183 711 2247 ideo
733 2182 796 2265 ipsi
820 2180 937 2245 Gallici
962 2181 993 2245 ei
1018 2182 1182 2261 dixerant,
1207 2183 1298 2265 quod
1324 2183 1429 2264 ipsam
1453 2184 1689 2266 desponsatam
1713 2190 1749 2246 et
1769 2203 1843 2265 per·
1944 2225 1947 2234 =

489 2305 626 2370 missam
651 2305 695 2368 ad
719 2302 856 2385 nupcias
882 2302 968 2384 regis
991 2300 1127 2384 Angliae
1154 2303 1187 2365 in
1211 2301 1339 2384 Anglia
1364 2303 1437 2366 dux
1462 2303 1533 2386 ipse
1559 2301 1753 2367 Suthsolciae
1776 2322 1842 2366 non

489 2428 632 2503 duceret,
662 2424 723 2488 nisi
747 2423 983 2505 Andegaviam
1012 2424 1173 2507 praedicto
1203 2424 1271 2506 regi
1301 2434 1474 2506 praetensae
1500 2423 1633 2488 Ceciliae
1663 2424 1696 2486 in
1725 2443 1843 2506 perpe-

489 2557 584 2611 tuum
608 2545 744 2610 concedi
762 2565 783 2608 a
803 2545 871 2627 regi
886 2543 1023 2627 Anglia.
1043 2545 1254 2626 impetraret3
1278 2554 1312 2609 et
1332 2547 1388 2623 sic,
1403 2546 1465 2609 sub
1486 2545 1588 2609 literis
1606 2545 1692 2627 regis
1706 2544 1842 2628 Angliae

488 2667 690 2750 patentibus,
721 2675 759 2730 ut
795 2665 923 2745 dicitur,
952 2665 1152 2748 Andegavia
1180 2687 1200 2729 a
1233 2668 1392 2749 praedicto
1427 2688 1503 2750 rege
1531 2666 1666 2748 Angliae
1703 2675 1737 2730 et
1774 2665 1842 2730 suis

489 2789 733 2853 successoribus
762 2788 946 2862 alienatur3
985 2799 1020 2852 et
1048 2789 1245 2870 praedictum
1280 2789 1533 2871 parliamentum
1562 2789 1707 2872 Angliae,
1736 2789 1841 2852 indies

487 2919 648 2974 vexatum
677 2909 844 2972 laboribus
877 2919 910 2972 et
941 2909 1106 2992 expensis,
1137 2909 1250 2991 palam
1280 2909 1376 2988 dixit,
1403 2912 1493 2991 quod
1524 2929 1693 2992 nunquam
1723 2929 1840 2973 conce-

488 3032 582 3095 deret
608 3042 725 3096 taxam
750 3031 828 3113 regi,
852 3031 913 3094 nisi
941 3031 1031 3113 prius
1056 3030 1146 3093 idem
1173 3051 1233 3092 rex
1255 3029 1390 3112 Angliae
1412 3030 1608 3094 auctoritate
1632 3029 1840 3112 parliamenti

487 3152 638 3235 ejusdem
665 3163 845 3217 resumeret
874 3153 1047 3217 actualiter
1072 3152 1185 3215 omnia
1214 3151 1418 3233 pertinencia
1441 3171 1571 3215 coronae
1595 3151 1739 3234 Angliae,
1763 3171 1840 3234 quae

486 3272 576 3337 idem
603 3295 663 3337 rex
696 3274 786 3356 prius
815 3274 953 3337 dederat
977 3282 1011 3336 et
1034 3273 1235 3336 alienaverat
1257 3292 1278 3334 a
1302 3291 1362 3334 sua
1388 3291 1520 3336 corona.
1564 3272 1618 3349 Et,
1644 3280 1723 3336 ante
1749 3291 1841 3336 com·

486 3394 613 3476 pletam
642 3394 844 3458 decisionem
875 3393 1017 3476 plurium
1047 3393 1260 3458 articulorum
1292 3393 1325 3454 in
1356 3392 1413 3456 illo
1443 3393 1671 3475 parliament0,
1696 3393 1840 3457 surrexit

486 3515 707 3579 communitas
732 3514 874 3594 Canciae,
901 3515 964 3578 sub
994 3515 1168 3597 capitaneo
1193 3513 1348 3594 Johanne
1375 3512 1476 3588 Cade,
1510 3514 1566 3596 qui
1597 3513 1767 3578 descendit
1796 3513 1840 3576 de

487 3636 620 3719 Rogero
647 3637 849 3701 Mortemere
875 3637 1051 3714 bastardo;
1078 3645 1112 3699 et
1135 3636 1199 3699 iste
1221 3633 1423 3718 capitaneus,
1444 3644 1523 3719 post
1544 3635 1726 3717 perdonam
1753 3634 1839 3716 regis

485 3756 548 3821 sibi
579 3765 612 3820 et
638 3757 706 3820 suis
733 3759 900 3834 donatam,
928 3756 1119 3839 prodicione
1148 3755 1244 3819 unius
1273 3755 1387 3819 famuli
1417 3757 1477 3833 sui,
1504 3764 1542 3819 ut
1570 3755 1698 3830 dicitur,
1722 3753 1838 3846 uulne-

485 3887 575 3942 ratus
599 3877 663 3942 fuit
686 3879 730 3942 ad
758 3887 907 3953 mortem,
934 3887 968 3942 et
993 3885 1142 3942 mortuus
1166 3878 1345 3959 perductus
1369 3875 1562 3940 Londonias
1588 3897 1676 3939 anno
1702 3873 1839 3939 Domini

489 4011 571 4077 1450
594 3999 627 4060 in
651 4019 765 4062 mense
782 3998 862 4080 Julii
874 4019 882 4078 ;
906 4006 940 4062 et
958 3998 1076 4062 eodem
1097 4017 1186 4061 anno
1208 4006 1241 4061 et
1264 4018 1379 4061 mense
1401 3996 1532 4080 expulsi
1556 3996 1688 4059 suerunt
1702 3993 1838 4078 Anglici

483 4139 505 4182 a
523 4117 730 4182 Normannia
752 4119 787 4182 in
811 4139 933 4202 magno
958 4139 1104 4192 numero,
1129 4128 1164 4182 et
1184 4118 1391 4182 Normannia
1414 4119 1534 4182 iterum
1559 4117 1592 4180 in
1616 4137 1733 4180 manus
1757 4114 1837 4179 Gal·

484 4238 620 4303 licorum
648 4249 726 4305 tunc
757 4241 891 4306 redacta
914 4251 974 4319 est,
1000 4241 1033 4303 in
1060 4249 1211 4323 tempore
1242 4239 1328 4322 regis
1356 4239 1494 4303 Henrici
1522 4237 1630 4303 Sexti.
1684 4238 1741 4300 Ex
1770 4256 1839 4318 quo
