<?xml version="1.0" encoding="UTF-8"?>
<!DOCTYPE html PUBLIC "-//W3C//DTD XHTML 1.0 Transitional//EN"
    "http://www.w3.org/TR/xhtml1/DTD/xhtml1-transitional.dtd">
<html xmlns="http://www.w3.org/1999/xhtml" xml:lang="en" lang="en">
 <head>
  <title>
</title>
<meta http-equiv="Content-Type" content="text/html;charset=utf-8" />
  <meta name='ocr-system' content='tesseract 3.04.00' />
  <meta name='ocr-capabilities' content='ocr_page ocr_carea ocr_par ocr_line ocrx_word'/>
</head>
<body>
  <div class='ocr_page' id='page_1' title='image "./locielibroverit01gascgoog_0234.png"; bbox 0 0 4378 4936; ppageno 0'>
   <div class='ocr_carea' id='block_1_1' title="bbox 737 396 1712 454">
    <p class='ocr_par' dir='ltr' id='par_1_1' title="bbox 737 396 1712 454">
     <span class='ocr_line' id='line_1_1' title="bbox 737 396 1712 454; baseline -0.005 -1"><span class='ocrx_word' id='word_1_1' title='bbox 737 399 835 454; x_wconf 87' lang='lat' dir='ltr'><em>LOCI</em></span> <span class='ocrx_word' id='word_1_2' title='bbox 861 398 890 451; x_wconf 87' lang='lat' dir='ltr'><em>E</em></span> <span class='ocrx_word' id='word_1_3' title='bbox 919 397 1043 452; x_wconf 86' lang='lat' dir='ltr'><em>LIBRO</em></span> <span class='ocrx_word' id='word_1_4' title='bbox 1078 396 1337 451; x_wconf 83' lang='lat' dir='ltr'><em>VERITATUM.</em></span> <span class='ocrx_word' id='word_1_5' title='bbox 1656 403 1712 450; x_wconf 87' lang='lat'>121</span> 
     </span>
    </p>
   </div>
   <div class='ocr_carea' id='block_1_2' title="bbox 363 608 1717 2506">
    <p class='ocr_par' dir='ltr' id='par_1_2' title="bbox 363 608 1717 1662">
     <span class='ocr_line' id='line_1_2' title="bbox 364 608 1717 696; baseline -0.005 -18"><span class='ocrx_word' id='word_1_6' title='bbox 364 623 397 678; x_wconf 90' lang='lat' dir='ltr'>et</span> <span class='ocrx_word' id='word_1_7' title='bbox 423 614 508 679; x_wconf 90' lang='lat' dir='ltr'>circa</span> <span class='ocrx_word' id='word_1_8' title='bbox 534 613 614 677; x_wconf 93' lang='lat' dir='ltr'>illud</span> <span class='ocrx_word' id='word_1_9' title='bbox 641 622 773 696; x_wconf 91' lang='lat' dir='ltr'>tempus</span> <span class='ocrx_word' id='word_1_10' title='bbox 799 612 924 676; x_wconf 92' lang='lat' dir='ltr'>domini</span> <span class='ocrx_word' id='word_1_11' title='bbox 950 613 993 676; x_wconf 93' lang='lat' dir='ltr'>de</span> <span class='ocrx_word' id='word_1_12' title='bbox 1020 610 1144 690; x_wconf 91' lang='lat' dir='ltr'>Prucia‚</span> <span class='ocrx_word' id='word_1_13' title='bbox 1169 609 1363 676; x_wconf 86' lang='lat' dir='ltr'>cruciferarii</span> <span class='ocrx_word' id='word_1_14' title='bbox 1391 610 1423 672; x_wconf 91' lang='lat' dir='ltr'>in</span> <span class='ocrx_word' id='word_1_15' title='bbox 1450 608 1534 672; x_wconf 91' lang='lat' dir='ltr'>albis</span> <span class='ocrx_word' id='word_1_16' title='bbox 1559 609 1717 685; x_wconf 90' lang='lat' dir='ltr'>vestibus,</span> 
     </span>
     <span class='ocr_line' id='line_1_3' title="bbox 363 730 1717 818; baseline -0.004 -20"><span class='ocrx_word' id='word_1_17' title='bbox 363 755 438 799; x_wconf 91' lang='lat' dir='ltr'>cum</span> <span class='ocrx_word' id='word_1_18' title='bbox 462 735 562 818; x_wconf 89' lang='lat' dir='ltr'>nigris</span> <span class='ocrx_word' id='word_1_19' title='bbox 585 735 744 813; x_wconf 88' lang='lat' dir='ltr'>crucibus,</span> <span class='ocrx_word' id='word_1_20' title='bbox 760 734 890 817; x_wconf 90' lang='lat' dir='ltr'>expulsi</span> <span class='ocrx_word' id='word_1_21' title='bbox 911 743 944 798; x_wconf 90' lang='lat' dir='ltr'>et</span> <span class='ocrx_word' id='word_1_22' title='bbox 967 733 1064 798; x_wconf 91' lang='lat' dir='ltr'>occisi</span> <span class='ocrx_word' id='word_1_23' title='bbox 1082 732 1215 796; x_wconf 87' lang='lat' dir='ltr'>fuerunt</span> <span class='ocrx_word' id='word_1_24' title='bbox 1237 752 1297 814; x_wconf 89' lang='lat' dir='ltr'>per</span> <span class='ocrx_word' id='word_1_25' title='bbox 1318 731 1469 795; x_wconf 90' lang='lat' dir='ltr'>homines</span> <span class='ocrx_word' id='word_1_26' title='bbox 1486 730 1620 807; x_wconf 83' lang='lat' dir='ltr'>Pruciae,</span> <span class='ocrx_word' id='word_1_27' title='bbox 1639 731 1717 812; x_wconf 90' lang='lat' dir='ltr'>quia</span> 
     </span>
     <span class='ocr_line' id='line_1_4' title="bbox 363 852 1713 928; baseline -0.004 -10"><span class='ocrx_word' id='word_1_28' title='bbox 363 855 409 918; x_wconf 92' lang='lat' dir='ltr'>illi</span> <span class='ocrx_word' id='word_1_29' title='bbox 434 856 626 921; x_wconf 81' lang='lat' dir='ltr'>cruciferarii</span> <span class='ocrx_word' id='word_1_30' title='bbox 650 856 728 920; x_wconf 91' lang='lat' dir='ltr'>mali</span> <span class='ocrx_word' id='word_1_31' title='bbox 755 865 788 919; x_wconf 92' lang='lat' dir='ltr'>et</span> <span class='ocrx_word' id='word_1_32' title='bbox 812 855 929 919; x_wconf 89' lang='lat' dir='ltr'>ribaldi</span> <span class='ocrx_word' id='word_1_33' title='bbox 953 854 988 918; x_wconf 90' lang='lat' dir='ltr'>in</span> <span class='ocrx_word' id='word_1_34' title='bbox 1014 853 1130 918; x_wconf 89' lang='lat' dir='ltr'>Prucia</span> <span class='ocrx_word' id='word_1_35' title='bbox 1155 852 1373 928; x_wconf 85' lang='lat' dir='ltr'>habebantur,</span> <span class='ocrx_word' id='word_1_36' title='bbox 1397 861 1431 916; x_wconf 89' lang='lat' dir='ltr'>et</span> <span class='ocrx_word' id='word_1_37' title='bbox 1458 871 1570 915; x_wconf 89' lang='lat' dir='ltr'>eorum</span> <span class='ocrx_word' id='word_1_38' title='bbox 1598 860 1713 926; x_wconf 89' lang='lat' dir='ltr'>castra,</span> 
     </span>
     <span class='ocr_line' id='line_1_5' title="bbox 364 970 1717 1053; baseline -0.006 -13"><span class='ocrx_word' id='word_1_39' title='bbox 364 977 578 1040; x_wconf 91' lang='lat' dir='ltr'>centumvel</span> <span class='ocrx_word' id='word_1_40' title='bbox 608 977 704 1053; x_wconf 86' lang='lat' dir='ltr'>ultra,</span> <span class='ocrx_word' id='word_1_41' title='bbox 731 997 797 1040; x_wconf 90' lang='lat' dir='ltr'>una</span> <span class='ocrx_word' id='word_1_42' title='bbox 824 976 878 1040; x_wconf 90' lang='lat' dir='ltr'>die</span> <span class='ocrx_word' id='word_1_43' title='bbox 907 975 941 1039; x_wconf 88' lang='lat' dir='ltr'>in</span> <span class='ocrx_word' id='word_1_44' title='bbox 972 974 1087 1038; x_wconf 89' lang='lat' dir='ltr'>Prucia</span> <span class='ocrx_word' id='word_1_45' title='bbox 1113 973 1282 1041; x_wconf 84' lang='lat' dir='ltr'>destructa</span> <span class='ocrx_word' id='word_1_46' title='bbox 1311 972 1451 1050; x_wconf 86' lang='lat' dir='ltr'>fuerunt,</span> <span class='ocrx_word' id='word_1_47' title='bbox 1476 972 1534 1036; x_wconf 91' lang='lat' dir='ltr'>i.e.</span> <span class='ocrx_word' id='word_1_48' title='bbox 1563 970 1717 1034; x_wconf 89' lang='lat' dir='ltr'>homines</span> 
     </span>
     <span class='ocr_line' id='line_1_6' title="bbox 364 1093 1714 1178; baseline -0.004 -19"><span class='ocrx_word' id='word_1_49' title='bbox 364 1096 495 1160; x_wconf 93' lang='lat' dir='ltr'>illorum</span> <span class='ocrx_word' id='word_1_50' title='bbox 529 1106 719 1162; x_wconf 90' lang='lat' dir='ltr'>castrorum.</span> <span class='ocrx_word' id='word_1_51' title='bbox 769 1096 950 1161; x_wconf 83' lang='lat' dir='ltr'>Praedictus</span> <span class='ocrx_word' id='word_1_52' title='bbox 980 1096 1159 1178; x_wconf 91' lang='lat' dir='ltr'>imperator</span> <span class='ocrx_word' id='word_1_53' title='bbox 1187 1093 1371 1158; x_wconf 91' lang='lat' dir='ltr'>Turcorum</span> <span class='ocrx_word' id='word_1_54' title='bbox 1401 1093 1542 1158; x_wconf 91' lang='lat' dir='ltr'>vocabat</span> <span class='ocrx_word' id='word_1_55' title='bbox 1570 1093 1714 1174; x_wconf 90' lang='lat' dir='ltr'>seipsum</span> 
     </span>
     <span class='ocr_line' id='line_1_7' title="bbox 363 1213 1717 1300; baseline -0.004 -21"><span class='ocrx_word' id='word_1_56' title='bbox 363 1217 582 1296; x_wconf 90' lang='lat' dir='ltr'>Waldewach,</span> <span class='ocrx_word' id='word_1_57' title='bbox 606 1227 639 1282; x_wconf 88' lang='lat' dir='ltr'>et</span> <span class='ocrx_word' id='word_1_58' title='bbox 665 1217 712 1282; x_wconf 90' lang='lat' dir='ltr'>sic</span> <span class='ocrx_word' id='word_1_59' title='bbox 739 1217 877 1300; x_wconf 88' lang='lat' dir='ltr'><strong>scripsit,</strong></span> <span class='ocrx_word' id='word_1_60' title='bbox 903 1214 1134 1281; x_wconf 87' lang='lat' dir='ltr'>‘Waldewach</span> <span class='ocrx_word' id='word_1_61' title='bbox 1160 1215 1271 1297; x_wconf 84' lang='lat' dir='ltr'>gracia</span> <span class='ocrx_word' id='word_1_62' title='bbox 1297 1213 1511 1289; x_wconf 89' lang='lat' dir='ltr'>Machometi‚</span> <span class='ocrx_word' id='word_1_63' title='bbox 1538 1213 1717 1296; x_wconf 91' lang='lat' dir='ltr'>imperator</span> 
     </span>
     <span class='ocr_line' id='line_1_8' title="bbox 363 1331 1715 1416; baseline -0.003 -17"><span class='ocrx_word' id='word_1_64' title='bbox 363 1336 556 1416; x_wconf 90' lang='lat' dir='ltr'>Turcorum,</span> <span class='ocrx_word' id='word_1_65' title='bbox 579 1347 613 1402; x_wconf 88' lang='lat' dir='ltr'>et</span> <span class='ocrx_word' id='word_1_66' title='bbox 639 1337 862 1414; x_wconf 86' lang='lat' dir='ltr'>Tartarorum,</span> <span class='ocrx_word' id='word_1_67' title='bbox 889 1347 922 1400; x_wconf 91' lang='lat' dir='ltr'>et</span> <span class='ocrx_word' id='word_1_68' title='bbox 952 1331 1164 1410; x_wconf 75' lang='lat' dir='ltr'>Graecorum,&#39;</span> <span class='ocrx_word' id='word_1_69' title='bbox 1192 1344 1225 1399; x_wconf 89' lang='lat' dir='ltr'>et</span> <span class='ocrx_word' id='word_1_70' title='bbox 1252 1335 1313 1398; x_wconf 84' lang='lat' dir='ltr'>tuit</span> <span class='ocrx_word' id='word_1_71' title='bbox 1337 1335 1423 1398; x_wconf 89' lang='lat' dir='ltr'>filius</span> <span class='ocrx_word' id='word_1_72' title='bbox 1448 1334 1623 1398; x_wconf 86' lang='lat' dir='ltr'>bastardus</span> <span class='ocrx_word' id='word_1_73' title='bbox 1654 1333 1715 1395; x_wconf 93' lang='lat' dir='ltr'>im-</span> 
     </span>
     <span class='ocr_line' id='line_1_9' title="bbox 363 1455 1716 1542; baseline -0.002 -21"><span class='ocrx_word' id='word_1_74' title='bbox 363 1459 523 1541; x_wconf 90' lang='lat' dir='ltr'>peratoris</span> <span class='ocrx_word' id='word_1_75' title='bbox 545 1458 738 1537; x_wconf 91' lang='lat' dir='ltr'>Turcorum,</span> <span class='ocrx_word' id='word_1_76' title='bbox 757 1459 813 1541; x_wconf 93' lang='lat' dir='ltr'>qui</span> <span class='ocrx_word' id='word_1_77' title='bbox 834 1468 951 1542; x_wconf 90' lang='lat' dir='ltr'>captus</span> <span class='ocrx_word' id='word_1_78' title='bbox 975 1467 1008 1521; x_wconf 94' lang='lat' dir='ltr'>et</span> <span class='ocrx_word' id='word_1_79' title='bbox 1034 1457 1225 1538; x_wconf 89' lang='lat' dir='ltr'>redemptus</span> <span class='ocrx_word' id='word_1_80' title='bbox 1248 1476 1307 1539; x_wconf 90' lang='lat' dir='ltr'>per</span> <span class='ocrx_word' id='word_1_81' title='bbox 1331 1456 1487 1539; x_wconf 89' lang='lat' dir='ltr'>Ungaros</span> <span class='ocrx_word' id='word_1_82' title='bbox 1511 1455 1545 1517; x_wconf 90' lang='lat' dir='ltr'>in</span> <span class='ocrx_word' id='word_1_83' title='bbox 1565 1464 1716 1537; x_wconf 92' lang='lat' dir='ltr'>tempore</span> 
     </span>
     <span class='ocr_line' id='line_1_10' title="bbox 366 1575 1653 1662; baseline 0.001 -23"><span class='ocrx_word' id='word_1_84' title='bbox 366 1575 570 1662; x_wconf 85' lang='lat' dir='ltr'>Sigismundi</span> <span class='ocrx_word' id='word_1_85' title='bbox 593 1578 800 1661; x_wconf 92' lang='lat' dir='ltr'>imperatoris</span> <span class='ocrx_word' id='word_1_86' title='bbox 824 1579 977 1656; x_wconf 89' lang='lat' dir='ltr'>Romani,</span> <span class='ocrx_word' id='word_1_87' title='bbox 1000 1579 1181 1642; x_wconf 89' lang='lat' dir='ltr'>vocabatur</span> <span class='ocrx_word' id='word_1_88' title='bbox 1204 1575 1361 1641; x_wconf 89' lang='lat' dir='ltr'>Cassinus</span> <span class='ocrx_word' id='word_1_89' title='bbox 1383 1597 1441 1640; x_wconf 88' lang='lat' dir='ltr'>seu</span> <span class='ocrx_word' id='word_1_90' title='bbox 1465 1575 1653 1641; x_wconf 84' lang='lat' dir='ltr'>Cassianus.</span> 
     </span>
    </p>

    <p class='ocr_par' dir='ltr' id='par_1_3' title="bbox 365 1696 1716 2385">
     <span class='ocr_line' id='line_1_11' title="bbox 450 1696 1716 1782; baseline -0.001 -21"><span class='ocrx_word' id='word_1_91' title='bbox 450 1708 484 1774; x_wconf 83' lang='lat' dir='ltr'>[p.</span> <span class='ocrx_word' id='word_1_92' title='bbox 501 1707 570 1774; x_wconf 70' lang='lat'><strong>59⁶]</strong></span> <span class='ocrx_word' id='word_1_93' title='bbox 592 1697 672 1762; x_wconf 80' lang='lat' dir='ltr'>Vae!</span> <span class='ocrx_word' id='word_1_94' title='bbox 695 1696 762 1763; x_wconf 85' lang='lat' dir='ltr'>vae!</span> <span class='ocrx_word' id='word_1_95' title='bbox 785 1699 958 1782; x_wconf 86' lang='lat' dir='ltr'>cupiditati</span> <span class='ocrx_word' id='word_1_96' title='bbox 980 1698 1134 1776; x_wconf 83' lang='lat' dir='ltr'>ecclesiae,</span> <span class='ocrx_word' id='word_1_97' title='bbox 1151 1698 1229 1781; x_wconf 89' lang='lat' dir='ltr'>quia</span> <span class='ocrx_word' id='word_1_98' title='bbox 1249 1697 1320 1780; x_wconf 89' lang='lat' dir='ltr'>jam</span> <span class='ocrx_word' id='word_1_99' title='bbox 1342 1718 1387 1761; x_wconf 85' lang='lat' dir='ltr'>ex</span> <span class='ocrx_word' id='word_1_100' title='bbox 1410 1698 1568 1762; x_wconf 88' lang='lat' dir='ltr'>mandato</span> <span class='ocrx_word' id='word_1_101' title='bbox 1593 1718 1716 1772; x_wconf 91' lang='lat' dir='ltr'>eorum,</span> 
     </span>
     <span class='ocr_line' id='line_1_12' title="bbox 365 1818 1715 1902; baseline -0.001 -22"><span class='ocrx_word' id='word_1_102' title='bbox 365 1819 422 1902; x_wconf 91' lang='lat' dir='ltr'>qui</span> <span class='ocrx_word' id='word_1_103' title='bbox 445 1828 596 1900; x_wconf 88' lang='lat' dir='ltr'>regerent</span> <span class='ocrx_word' id='word_1_104' title='bbox 618 1819 652 1882; x_wconf 90' lang='lat' dir='ltr'>in</span> <span class='ocrx_word' id='word_1_105' title='bbox 675 1819 812 1884; x_wconf 90' lang='lat' dir='ltr'>ecclesia</span> <span class='ocrx_word' id='word_1_106' title='bbox 835 1818 1014 1884; x_wconf 85' lang='lat' dir='ltr'>cathedrali</span> <span class='ocrx_word' id='word_1_107' title='bbox 1032 1819 1192 1895; x_wconf 87' lang='lat' dir='ltr'>Eborum,</span> <span class='ocrx_word' id='word_1_108' title='bbox 1217 1819 1302 1882; x_wconf 90' lang='lat' dir='ltr'>circa</span> <span class='ocrx_word' id='word_1_109' title='bbox 1325 1838 1448 1883; x_wconf 92' lang='lat' dir='ltr'>annum</span> <span class='ocrx_word' id='word_1_110' title='bbox 1464 1818 1601 1882; x_wconf 87' lang='lat' dir='ltr'>Domini</span> <span class='ocrx_word' id='word_1_111' title='bbox 1624 1836 1715 1896; x_wconf 89' lang='lat'>1440,</span> 
     </span>
     <span class='ocr_line' id='line_1_13' title="bbox 366 1937 1716 2022; baseline -0.001 -20"><span class='ocrx_word' id='word_1_112' title='bbox 366 1939 506 2022; x_wconf 86' lang='lat' dir='ltr'>quilibet</span> <span class='ocrx_word' id='word_1_113' title='bbox 536 1949 668 2003; x_wconf 89' lang='lat' dir='ltr'>curatus</span> <span class='ocrx_word' id='word_1_114' title='bbox 698 1939 731 2002; x_wconf 90' lang='lat' dir='ltr'>in</span> <span class='ocrx_word' id='word_1_115' title='bbox 758 1941 879 2004; x_wconf 89' lang='lat' dir='ltr'>diocesi</span> <span class='ocrx_word' id='word_1_116' title='bbox 909 1938 1011 2004; x_wconf 89' lang='lat' dir='ltr'>habet</span> <span class='ocrx_word' id='word_1_117' title='bbox 1041 1941 1075 2003; x_wconf 93' lang='lat' dir='ltr'>in</span> <span class='ocrx_word' id='word_1_118' title='bbox 1100 1940 1275 2016; x_wconf 69' lang='lat' dir='ltr'>mandatis</span> <span class='ocrx_word' id='word_1_119' title='bbox 1297 1948 1335 2003; x_wconf 92' lang='lat' dir='ltr'>ut</span> <span class='ocrx_word' id='word_1_120' title='bbox 1363 1939 1531 2022; x_wconf 83' lang='lat' dir='ltr'>praecipiat</span> <span class='ocrx_word' id='word_1_121' title='bbox 1562 1947 1596 2002; x_wconf 90' lang='lat' dir='ltr'>et</span> <span class='ocrx_word' id='word_1_122' title='bbox 1626 1937 1716 2020; x_wconf 93' lang='lat' dir='ltr'>quod</span> 
     </span>
     <span class='ocr_line' id='line_1_14' title="bbox 366 2058 1715 2143; baseline 0.001 -22"><span class='ocrx_word' id='word_1_123' title='bbox 366 2059 516 2141; x_wconf 90' lang='lat' dir='ltr'>injungat</span> <span class='ocrx_word' id='word_1_124' title='bbox 549 2060 681 2124; x_wconf 90' lang='lat' dir='ltr'>cuilibet</span> <span class='ocrx_word' id='word_1_125' title='bbox 715 2060 895 2136; x_wconf 84' lang='lat' dir='ltr'>confitenti,</span> <span class='ocrx_word' id='word_1_126' title='bbox 926 2071 1107 2143; x_wconf 90' lang='lat' dir='ltr'>antequam</span> <span class='ocrx_word' id='word_1_127' title='bbox 1135 2060 1333 2138; x_wconf 89' lang='lat' dir='ltr'>absolvatur,</span> <span class='ocrx_word' id='word_1_128' title='bbox 1364 2070 1400 2124; x_wconf 95' lang='lat' dir='ltr'>ut</span> <span class='ocrx_word' id='word_1_129' title='bbox 1430 2059 1537 2123; x_wconf 84' lang='lat' dir='ltr'>solvat</span> <span class='ocrx_word' id='word_1_130' title='bbox 1566 2058 1715 2141; x_wconf 91' lang='lat' dir='ltr'>quolibet</span> 
     </span>
     <span class='ocr_line' id='line_1_15' title="bbox 365 2179 1714 2265; baseline -0.003 -20"><span class='ocrx_word' id='word_1_131' title='bbox 365 2200 463 2258; x_wconf 86' lang='lat' dir='ltr'>anno,</span> <span class='ocrx_word' id='word_1_132' title='bbox 478 2180 563 2244; x_wconf 91' lang='lat' dir='ltr'>sicut</span> <span class='ocrx_word' id='word_1_133' title='bbox 585 2181 640 2245; x_wconf 87' lang='lat' dir='ltr'>ille</span> <span class='ocrx_word' id='word_1_134' title='bbox 662 2191 793 2246; x_wconf 89' lang='lat' dir='ltr'>curatus</span> <span class='ocrx_word' id='word_1_135' title='bbox 816 2181 845 2245; x_wconf 90' lang='lat' dir='ltr'>ei</span> <span class='ocrx_word' id='word_1_136' title='bbox 869 2183 1028 2265; x_wconf 84' lang='lat' dir='ltr'>praecipit,</span> <span class='ocrx_word' id='word_1_137' title='bbox 1045 2181 1178 2245; x_wconf 84' lang='lat' dir='ltr'>sabricae</span> <span class='ocrx_word' id='word_1_138' title='bbox 1201 2181 1347 2246; x_wconf 88' lang='lat' dir='ltr'>ecclesiae</span> <span class='ocrx_word' id='word_1_139' title='bbox 1370 2179 1574 2256; x_wconf 84' lang='lat' dir='ltr'>cathedralis,</span> <span class='ocrx_word' id='word_1_140' title='bbox 1599 2188 1634 2244; x_wconf 88' lang='lat' dir='ltr'>et</span> <span class='ocrx_word' id='word_1_141' title='bbox 1655 2179 1714 2243; x_wconf 90' lang='lat' dir='ltr'>tali</span> 
     </span>
     <span class='ocr_line' id='line_1_16' title="bbox 367 2301 1514 2385; baseline 0.002 -22"><span class='ocrx_word' id='word_1_142' title='bbox 367 2301 467 2364; x_wconf 90' lang='lat' dir='ltr'>modo</span> <span class='ocrx_word' id='word_1_143' title='bbox 489 2309 599 2382; x_wconf 89' lang='lat' dir='ltr'>potest</span> <span class='ocrx_word' id='word_1_144' title='bbox 622 2301 782 2384; x_wconf 90' lang='lat' dir='ltr'>imperare</span> <span class='ocrx_word' id='word_1_145' title='bbox 804 2311 841 2366; x_wconf 92' lang='lat' dir='ltr'>ut</span> <span class='ocrx_word' id='word_1_146' title='bbox 863 2303 1002 2385; x_wconf 90' lang='lat' dir='ltr'>quilibet</span> <span class='ocrx_word' id='word_1_147' title='bbox 1025 2303 1082 2366; x_wconf 91' lang='lat' dir='ltr'>det</span> <span class='ocrx_word' id='word_1_148' title='bbox 1105 2302 1152 2366; x_wconf 89' lang='lat' dir='ltr'>eis</span> <span class='ocrx_word' id='word_1_149' title='bbox 1175 2303 1286 2366; x_wconf 90' lang='lat' dir='ltr'>omnia</span> <span class='ocrx_word' id='word_1_150' title='bbox 1308 2323 1383 2385; x_wconf 82' lang='lat' dir='ltr'>quae</span> <span class='ocrx_word' id='word_1_151' title='bbox 1402 2301 1514 2367; x_wconf 91' lang='lat' dir='ltr'>habet.</span> 
     </span>
    </p>

    <p class='ocr_par' dir='ltr' id='par_1_4' title="bbox 455 2421 1715 2506">
     <span class='ocr_line' id='line_1_17' title="bbox 455 2421 1715 2506; baseline 0.004 -21"><span class='ocrx_word' id='word_1_152' title='bbox 455 2421 552 2485; x_wconf 89' lang='lat' dir='ltr'>Unus</span> <span class='ocrx_word' id='word_1_153' title='bbox 582 2423 697 2486; x_wconf 92' lang='lat' dir='ltr'>doctor</span> <span class='ocrx_word' id='word_1_154' title='bbox 727 2424 760 2485; x_wconf 91' lang='lat' dir='ltr'>in</span> <span class='ocrx_word' id='word_1_155' title='bbox 788 2423 926 2487; x_wconf 88' lang='lat' dir='ltr'>concilio</span> <span class='ocrx_word' id='word_1_156' title='bbox 954 2423 1125 2487; x_wconf 90' lang='lat' dir='ltr'>Basiliensi</span> <span class='ocrx_word' id='word_1_157' title='bbox 1151 2423 1230 2488; x_wconf 87' lang='lat' dir='ltr'>fecit</span> <span class='ocrx_word' id='word_1_158' title='bbox 1259 2432 1293 2488; x_wconf 91' lang='lat' dir='ltr'>et</span> <span class='ocrx_word' id='word_1_159' title='bbox 1324 2423 1453 2506; x_wconf 90' lang='lat' dir='ltr'>scripsit</span> <span class='ocrx_word' id='word_1_160' title='bbox 1482 2423 1527 2485; x_wconf 90' lang='lat' dir='ltr'>ibi</span> <span class='ocrx_word' id='word_1_161' title='bbox 1558 2442 1715 2504; x_wconf 85' lang='lat' dir='ltr'>magnum</span> 
     </span>
    </p>
   </div>
   <div class='ocr_carea' id='block_1_3' title="bbox 366 2541 1716 2750">
    <p class='ocr_par' dir='ltr' id='par_1_5' title="bbox 366 2541 1716 2750">
     <span class='ocr_line' id='line_1_18' title="bbox 366 2541 1716 2626; baseline 0.002 -23"><span class='ocrx_word' id='word_1_162' title='bbox 366 2550 478 2604; x_wconf 89' lang='lat' dir='ltr'>actum</span> <span class='ocrx_word' id='word_1_163' title='bbox 500 2542 543 2605; x_wconf 89' lang='lat' dir='ltr'>de</span> <span class='ocrx_word' id='word_1_164' title='bbox 565 2541 780 2624; x_wconf 87' lang='lat' dir='ltr'>indulgenciis</span> <span class='ocrx_word' id='word_1_165' title='bbox 802 2542 985 2626; x_wconf 90' lang='lat' dir='ltr'>papalibus,</span> <span class='ocrx_word' id='word_1_166' title='bbox 1002 2553 1035 2608; x_wconf 90' lang='lat' dir='ltr'>et</span> <span class='ocrx_word' id='word_1_167' title='bbox 1058 2545 1138 2608; x_wconf 90' lang='lat' dir='ltr'>dicit</span> <span class='ocrx_word' id='word_1_168' title='bbox 1161 2545 1195 2608; x_wconf 92' lang='lat' dir='ltr'>in</span> <span class='ocrx_word' id='word_1_169' title='bbox 1214 2545 1271 2608; x_wconf 94' lang='lat' dir='ltr'>illo</span> <span class='ocrx_word' id='word_1_170' title='bbox 1291 2554 1377 2620; x_wconf 86' lang='lat' dir='ltr'>actu,</span> <span class='ocrx_word' id='word_1_171' title='bbox 1394 2545 1484 2626; x_wconf 93' lang='lat' dir='ltr'>quod</span> <span class='ocrx_word' id='word_1_172' title='bbox 1508 2564 1573 2606; x_wconf 93' lang='lat' dir='ltr'>non</span> <span class='ocrx_word' id='word_1_173' title='bbox 1597 2543 1716 2626; x_wconf 89' lang='lat' dir='ltr'>reperit</span> 
     </span>
     <span class='ocr_line' id='line_1_19' title="bbox 366 2639 1716 2750; baseline 0.001 -26"><span class='ocrx_word' id='word_1_174' title='bbox 366 2682 427 2725; x_wconf 90' lang='lat' dir='ltr'>nec</span> <span class='ocrx_word' id='word_1_175' title='bbox 446 2662 570 2725; x_wconf 87' lang='lat' dir='ltr'>invenit</span> <span class='ocrx_word' id='word_1_176' title='bbox 586 2639 810 2745; x_wconf 87' lang='lat' dir='ltr'>indulgencias</span> <span class='ocrx_word' id='word_1_177' title='bbox 830 2683 1003 2728; x_wconf 86' lang='lat' dir='ltr'>concessas</span> <span class='ocrx_word' id='word_1_178' title='bbox 1018 2673 1052 2728; x_wconf 92' lang='lat' dir='ltr'>et</span> <span class='ocrx_word' id='word_1_179' title='bbox 1067 2665 1226 2747; x_wconf 89' lang='lat' dir='ltr'>sigillatas</span> <span class='ocrx_word' id='word_1_180' title='bbox 1242 2665 1343 2729; x_wconf 92' lang='lat' dir='ltr'>modo</span> <span class='ocrx_word' id='word_1_181' title='bbox 1363 2664 1428 2742; x_wconf 92' lang='lat' dir='ltr'>illo,</span> <span class='ocrx_word' id='word_1_182' title='bbox 1443 2665 1499 2746; x_wconf 92' lang='lat' dir='ltr'>qui</span> <span class='ocrx_word' id='word_1_183' title='bbox 1520 2660 1592 2750; x_wconf 85' lang='lat' dir='ltr'>(sic)</span> <span class='ocrx_word' id='word_1_184' title='bbox 1613 2663 1716 2728; x_wconf 89' lang='lat' dir='ltr'>utitur</span> 
     </span>
    </p>
   </div>
   <div class='ocr_carea' id='block_1_4' title="bbox 366 2781 1724 4197">
    <p class='ocr_par' dir='ltr' id='par_1_6' title="bbox 366 2781 1724 4197">
     <span class='ocr_line' id='line_1_20' title="bbox 366 2781 1714 2868; baseline 0.003 -24"><span class='ocrx_word' id='word_1_185' title='bbox 366 2781 429 2844; x_wconf 92' lang='lat' dir='ltr'>hiis</span> <span class='ocrx_word' id='word_1_186' title='bbox 451 2783 574 2860; x_wconf 91' lang='lat' dir='ltr'>diebus,</span> <span class='ocrx_word' id='word_1_187' title='bbox 590 2783 671 2846; x_wconf 88' lang='lat' dir='ltr'>infra</span> <span class='ocrx_word' id='word_1_188' title='bbox 694 2783 785 2847; x_wconf 89' lang='lat' dir='ltr'>mille</span> <span class='ocrx_word' id='word_1_189' title='bbox 806 2804 911 2848; x_wconf 91' lang='lat' dir='ltr'>annos</span> <span class='ocrx_word' id='word_1_190' title='bbox 934 2785 994 2849; x_wconf 92' lang='lat' dir='ltr'>Xti</span> <span class='ocrx_word' id='word_1_191' title='bbox 1017 2806 1087 2849; x_wconf 90' lang='lat' dir='ltr'>esse</span> <span class='ocrx_word' id='word_1_192' title='bbox 1109 2806 1290 2865; x_wconf 88' lang='lat' dir='ltr'>concessas,</span> <span class='ocrx_word' id='word_1_193' title='bbox 1314 2807 1373 2850; x_wconf 90' lang='lat' dir='ltr'>nec</span> <span class='ocrx_word' id='word_1_194' title='bbox 1398 2785 1441 2849; x_wconf 92' lang='lat' dir='ltr'>ab</span> <span class='ocrx_word' id='word_1_195' title='bbox 1464 2785 1576 2868; x_wconf 87' lang='lat' dir='ltr'>aliquo</span> <span class='ocrx_word' id='word_1_196' title='bbox 1599 2793 1714 2848; x_wconf 92' lang='lat' dir='ltr'>sancto</span> 
     </span>
     <span class='ocr_line' id='line_1_21' title="bbox 367 2903 1716 2989; baseline 0.003 -23"><span class='ocrx_word' id='word_1_197' title='bbox 367 2923 541 2986; x_wconf 90' lang='lat' dir='ltr'>expressas</span> <span class='ocrx_word' id='word_1_198' title='bbox 570 2905 670 2969; x_wconf 91' lang='lat' dir='ltr'>modo</span> <span class='ocrx_word' id='word_1_199' title='bbox 690 2903 760 2986; x_wconf 89' lang='lat' dir='ltr'>jam</span> <span class='ocrx_word' id='word_1_200' title='bbox 783 2906 912 2970; x_wconf 89' lang='lat' dir='ltr'>usitato.</span> <span class='ocrx_word' id='word_1_201' title='bbox 958 2905 1066 2971; x_wconf 88' lang='lat' dir='ltr'>Actus</span> <span class='ocrx_word' id='word_1_202' title='bbox 1089 2907 1174 2972; x_wconf 93' lang='lat' dir='ltr'>illius</span> <span class='ocrx_word' id='word_1_203' title='bbox 1197 2908 1340 2972; x_wconf 92' lang='lat' dir='ltr'>doctoris</span> <span class='ocrx_word' id='word_1_204' title='bbox 1363 2907 1405 2970; x_wconf 90' lang='lat' dir='ltr'>de</span> <span class='ocrx_word' id='word_1_205' title='bbox 1428 2906 1643 2989; x_wconf 90' lang='lat' dir='ltr'>indulgenciis</span> <span class='ocrx_word' id='word_1_206' title='bbox 1666 2915 1716 2970; x_wconf 89' lang='lat' dir='ltr'>est</span> 
     </span>
     <span class='ocr_line' id='line_1_22' title="bbox 368 3023 1716 3110; baseline 0.001 -22"><span class='ocrx_word' id='word_1_207' title='bbox 368 3023 522 3101; x_wconf 86' lang='lat' dir='ltr'>Oxoniae,</span> <span class='ocrx_word' id='word_1_208' title='bbox 553 3025 585 3088; x_wconf 93' lang='lat' dir='ltr'>in</span> <span class='ocrx_word' id='word_1_209' title='bbox 614 3023 763 3109; x_wconf 87' lang='lat' dir='ltr'>Collegio</span> <span class='ocrx_word' id='word_1_210' title='bbox 795 3026 981 3105; x_wconf 87' lang='lat' dir='ltr'>Dunelmae,</span> <span class='ocrx_word' id='word_1_211' title='bbox 1011 3028 1044 3091; x_wconf 92' lang='lat' dir='ltr'>in</span> <span class='ocrx_word' id='word_1_212' title='bbox 1075 3047 1197 3110; x_wconf 90' lang='lat' dir='ltr'>magno</span> <span class='ocrx_word' id='word_1_213' title='bbox 1228 3029 1310 3091; x_wconf 91' lang='lat' dir='ltr'>libro</span> <span class='ocrx_word' id='word_1_214' title='bbox 1340 3028 1445 3110; x_wconf 90' lang='lat' dir='ltr'>papiri</span> <span class='ocrx_word' id='word_1_215' title='bbox 1469 3027 1523 3090; x_wconf 93' lang='lat' dir='ltr'>De</span> <span class='ocrx_word' id='word_1_216' title='bbox 1551 3027 1652 3109; x_wconf 86' lang='lat' dir='ltr'>gestis</span> <span class='ocrx_word' id='word_1_217' title='bbox 1682 3035 1716 3089; x_wconf 89' lang='lat' dir='ltr'>et</span> 
     </span>
     <span class='ocr_line' id='line_1_23' title="bbox 366 3144 1715 3227; baseline 0.002 -20"><span class='ocrx_word' id='word_1_218' title='bbox 366 3144 448 3208; x_wconf 88' lang='lat' dir='ltr'>actis</span> <span class='ocrx_word' id='word_1_219' title='bbox 478 3144 607 3209; x_wconf 91' lang='lat' dir='ltr'>concilii</span> <span class='ocrx_word' id='word_1_220' title='bbox 631 3145 748 3224; x_wconf 88' lang='lat' dir='ltr'>Pisani,</span> <span class='ocrx_word' id='word_1_221' title='bbox 779 3157 812 3211; x_wconf 93' lang='lat' dir='ltr'>et</span> <span class='ocrx_word' id='word_1_222' title='bbox 845 3147 972 3211; x_wconf 92' lang='lat' dir='ltr'>concilii</span> <span class='ocrx_word' id='word_1_223' title='bbox 998 3147 1271 3227; x_wconf 79' lang='lat' dir='ltr'>constanciensis,</span> <span class='ocrx_word' id='word_1_224' title='bbox 1294 3159 1328 3213; x_wconf 91' lang='lat' dir='ltr'>et</span> <span class='ocrx_word' id='word_1_225' title='bbox 1358 3148 1484 3213; x_wconf 90' lang='lat' dir='ltr'>concilii</span> <span class='ocrx_word' id='word_1_226' title='bbox 1508 3146 1715 3224; x_wconf 91' lang='lat' dir='ltr'>Basiliensis;</span> 
     </span>
     <span class='ocr_line' id='line_1_24' title="bbox 367 3264 1717 3352; baseline 0.003 -26"><span class='ocrx_word' id='word_1_227' title='bbox 367 3264 457 3346; x_wconf 93' lang='lat' dir='ltr'>quod</span> <span class='ocrx_word' id='word_1_228' title='bbox 483 3265 657 3328; x_wconf 92' lang='lat' dir='ltr'>concilium</span> <span class='ocrx_word' id='word_1_229' title='bbox 687 3266 868 3331; x_wconf 90' lang='lat' dir='ltr'>Basiliense</span> <span class='ocrx_word' id='word_1_230' title='bbox 894 3289 953 3350; x_wconf 91' lang='lat' dir='ltr'>per</span> <span class='ocrx_word' id='word_1_231' title='bbox 982 3271 1183 3333; x_wconf 88' lang='lat' dir='ltr'>sentenciam</span> <span class='ocrx_word' id='word_1_232' title='bbox 1215 3269 1314 3352; x_wconf 87' lang='lat' dir='ltr'>Papae</span> <span class='ocrx_word' id='word_1_233' title='bbox 1342 3270 1482 3352; x_wconf 91' lang='lat' dir='ltr'>Eugenii</span> <span class='ocrx_word' id='word_1_234' title='bbox 1509 3267 1583 3350; x_wconf 63' lang='lat' dir='ltr'>iiijl,</span> <span class='ocrx_word' id='word_1_235' title='bbox 1613 3287 1717 3348; x_wconf 91' lang='lat' dir='ltr'>usque</span> 
     </span>
     <span class='ocr_line' id='line_1_25' title="bbox 367 3384 1718 3464; baseline 0.001 -17"><span class='ocrx_word' id='word_1_236' title='bbox 367 3385 409 3448; x_wconf 93' lang='lat' dir='ltr'>ad</span> <span class='ocrx_word' id='word_1_237' title='bbox 438 3384 629 3464; x_wconf 86' lang='lat' dir='ltr'>Ferrariam,</span> <span class='ocrx_word' id='word_1_238' title='bbox 652 3395 685 3450; x_wconf 93' lang='lat' dir='ltr'>et</span> <span class='ocrx_word' id='word_1_239' title='bbox 715 3409 735 3451; x_wconf 91' lang='lat' dir='ltr'>a</span> <span class='ocrx_word' id='word_1_240' title='bbox 758 3387 906 3452; x_wconf 89' lang='lat' dir='ltr'>Ferraria</span> <span class='ocrx_word' id='word_1_241' title='bbox 934 3389 977 3453; x_wconf 86' lang='lat' dir='ltr'>ad</span> <span class='ocrx_word' id='word_1_242' title='bbox 1002 3388 1228 3455; x_wconf 88' lang='lat' dir='ltr'>Florenciam:</span> <span class='ocrx_word' id='word_1_243' title='bbox 1257 3392 1316 3455; x_wconf 89' lang='lat' dir='ltr'>sed</span> <span class='ocrx_word' id='word_1_244' title='bbox 1339 3389 1514 3455; x_wconf 90' lang='lat' dir='ltr'>concilium</span> <span class='ocrx_word' id='word_1_245' title='bbox 1537 3387 1718 3452; x_wconf 86' lang='lat' dir='ltr'>Basiliense</span> 
     </span>
     <span class='ocr_line' id='line_1_26' title="bbox 369 3493 1719 3595; baseline 0.002 -28"><span class='ocrx_word' id='word_1_246' title='bbox 369 3526 436 3568; x_wconf 93' lang='lat' dir='ltr'>non</span> <span class='ocrx_word' id='word_1_247' title='bbox 459 3505 606 3570; x_wconf 90' lang='lat' dir='ltr'>obedivit</span> <span class='ocrx_word' id='word_1_248' title='bbox 628 3508 804 3572; x_wconf 77' lang='lat' dir='ltr'>sentenciae</span> <span class='ocrx_word' id='word_1_249' title='bbox 825 3509 901 3572; x_wconf 89' lang='lat' dir='ltr'>latae</span> <span class='ocrx_word' id='word_1_250' title='bbox 925 3531 985 3593; x_wconf 90' lang='lat' dir='ltr'>per</span> <span class='ocrx_word' id='word_1_251' title='bbox 1000 3510 1197 3594; x_wconf 87' lang='lat' dir='ltr'>Eugenium,</span> <span class='ocrx_word' id='word_1_252' title='bbox 1212 3493 1270 3576; x_wconf 89' lang='lat' dir='ltr'>sed</span> <span class='ocrx_word' id='word_1_253' title='bbox 1293 3532 1351 3595; x_wconf 90' lang='lat' dir='ltr'>per</span> <span class='ocrx_word' id='word_1_254' title='bbox 1368 3510 1570 3576; x_wconf 88' lang='lat' dir='ltr'>sentenciam</span> <span class='ocrx_word' id='word_1_255' title='bbox 1591 3508 1719 3574; x_wconf 91' lang='lat' dir='ltr'>concilii</span> 
     </span>
     <span class='ocr_line' id='line_1_27' title="bbox 369 3624 1719 3715; baseline 0.004 -28"><span class='ocrx_word' id='word_1_256' title='bbox 369 3624 558 3690; x_wconf 89' lang='lat' dir='ltr'>Basiliensis</span> <span class='ocrx_word' id='word_1_257' title='bbox 584 3628 762 3709; x_wconf 77' lang='lat' dir='ltr'>praedictus</span> <span class='ocrx_word' id='word_1_258' title='bbox 787 3628 955 3712; x_wconf 87' lang='lat' dir='ltr'>Eugenius</span> <span class='ocrx_word' id='word_1_259' title='bbox 988 3631 1049 3696; x_wconf 91' lang='lat' dir='ltr'>suit</span> <span class='ocrx_word' id='word_1_260' title='bbox 1078 3633 1257 3715; x_wconf 88' lang='lat' dir='ltr'>depositus,</span> <span class='ocrx_word' id='word_1_261' title='bbox 1282 3642 1315 3697; x_wconf 94' lang='lat' dir='ltr'>et</span> <span class='ocrx_word' id='word_1_262' title='bbox 1342 3653 1402 3715; x_wconf 91' lang='lat' dir='ltr'>pro</span> <span class='ocrx_word' id='word_1_263' title='bbox 1428 3631 1579 3714; x_wconf 90' lang='lat' dir='ltr'>deposito</span> <span class='ocrx_word' id='word_1_264' title='bbox 1607 3630 1640 3692; x_wconf 93' lang='lat' dir='ltr'>in</span> <span class='ocrx_word' id='word_1_265' title='bbox 1663 3629 1719 3692; x_wconf 91' lang='lat' dir='ltr'>illo</span> 
     </span>
     <span class='ocr_line' id='line_1_28' title="bbox 369 3744 1720 3836; baseline 0.002 -27"><span class='ocrx_word' id='word_1_266' title='bbox 369 3744 508 3809; x_wconf 90' lang='lat' dir='ltr'>concilio</span> <span class='ocrx_word' id='word_1_267' title='bbox 536 3748 778 3829; x_wconf 91' lang='lat' dir='ltr'>pronunciatus,</span> <span class='ocrx_word' id='word_1_268' title='bbox 800 3759 833 3813; x_wconf 92' lang='lat' dir='ltr'>et</span> <span class='ocrx_word' id='word_1_269' title='bbox 860 3750 930 3813; x_wconf 86' lang='lat' dir='ltr'>dux</span> <span class='ocrx_word' id='word_1_270' title='bbox 954 3750 1131 3816; x_wconf 85' lang='lat' dir='ltr'>Sabaudiae</span> <span class='ocrx_word' id='word_1_271' title='bbox 1154 3753 1187 3815; x_wconf 92' lang='lat' dir='ltr'>in</span> <span class='ocrx_word' id='word_1_272' title='bbox 1209 3773 1332 3836; x_wconf 86' lang='lat' dir='ltr'>papam</span> <span class='ocrx_word' id='word_1_273' title='bbox 1355 3751 1477 3816; x_wconf 89' lang='lat' dir='ltr'>electus</span> <span class='ocrx_word' id='word_1_274' title='bbox 1503 3749 1564 3814; x_wconf 85' lang='lat' dir='ltr'>suit</span> <span class='ocrx_word' id='word_1_275' title='bbox 1587 3750 1620 3813; x_wconf 93' lang='lat' dir='ltr'>in</span> <span class='ocrx_word' id='word_1_276' title='bbox 1644 3769 1720 3813; x_wconf 92' lang='lat' dir='ltr'>con·</span> 
     </span>
     <span class='ocr_line' id='line_1_29' title="bbox 370 3865 1722 3956; baseline 0.003 -28"><span class='ocrx_word' id='word_1_277' title='bbox 370 3865 444 3929; x_wconf 91' lang='lat' dir='ltr'>cilio</span> <span class='ocrx_word' id='word_1_278' title='bbox 467 3865 523 3930; x_wconf 92' lang='lat' dir='ltr'>illo</span> <span class='ocrx_word' id='word_1_279' title='bbox 539 3867 720 3947; x_wconf 89' lang='lat' dir='ltr'>Basiliensi,</span> <span class='ocrx_word' id='word_1_280' title='bbox 736 3879 770 3934; x_wconf 93' lang='lat' dir='ltr'>et</span> <span class='ocrx_word' id='word_1_281' title='bbox 791 3870 888 3934; x_wconf 88' lang='lat' dir='ltr'>Felix</span> <span class='ocrx_word' id='word_1_282' title='bbox 909 3880 1044 3936; x_wconf 88' lang='lat' dir='ltr'>vocatus</span> <span class='ocrx_word' id='word_1_283' title='bbox 1067 3871 1137 3952; x_wconf 83' lang='lat' dir='ltr'>suit,</span> <span class='ocrx_word' id='word_1_284' title='bbox 1153 3873 1209 3955; x_wconf 95' lang='lat' dir='ltr'>qui</span> <span class='ocrx_word' id='word_1_285' title='bbox 1231 3882 1307 3956; x_wconf 93' lang='lat' dir='ltr'>post</span> <span class='ocrx_word' id='word_1_286' title='bbox 1328 3881 1468 3936; x_wconf 91' lang='lat' dir='ltr'>mortem</span> <span class='ocrx_word' id='word_1_287' title='bbox 1485 3870 1627 3953; x_wconf 85' lang='lat' dir='ltr'>Eugenii</span> <span class='ocrx_word' id='word_1_288' title='bbox 1647 3869 1722 3952; x_wconf 73' lang='lat' dir='ltr'>itij‘1,</span> 
     </span>
     <span class='ocr_line' id='line_1_30' title="bbox 370 3985 1722 4076; baseline 0.005 -29"><span class='ocrx_word' id='word_1_289' title='bbox 370 3985 404 4048; x_wconf 92' lang='lat' dir='ltr'>in</span> <span class='ocrx_word' id='word_1_290' title='bbox 436 3996 585 4070; x_wconf 90' lang='lat' dir='ltr'>tempore</span> <span class='ocrx_word' id='word_1_291' title='bbox 610 3987 763 4054; x_wconf 90' lang='lat' dir='ltr'>Nicholai</span> <span class='ocrx_word' id='word_1_292' title='bbox 794 3991 908 4073; x_wconf 93' lang='lat' dir='ltr'>quinti,</span> <span class='ocrx_word' id='word_1_293' title='bbox 936 4001 1096 4075; x_wconf 89' lang='lat' dir='ltr'>papatum</span> <span class='ocrx_word' id='word_1_294' title='bbox 1126 4013 1222 4056; x_wconf 90' lang='lat' dir='ltr'>suum</span> <span class='ocrx_word' id='word_1_295' title='bbox 1254 3993 1440 4076; x_wconf 86' lang='lat' dir='ltr'>resignavit,</span> <span class='ocrx_word' id='word_1_296' title='bbox 1463 4000 1496 4055; x_wconf 92' lang='lat' dir='ltr'>et</span> <span class='ocrx_word' id='word_1_297' title='bbox 1525 3999 1603 4054; x_wconf 91' lang='lat' dir='ltr'>tunc</span> <span class='ocrx_word' id='word_1_298' title='bbox 1634 3991 1722 4054; x_wconf 89' lang='lat' dir='ltr'>solus</span> 
     </span>
     <span class='ocr_line' id='line_1_31' title="bbox 371 4105 1724 4197; baseline 0.005 -28"><span class='ocrx_word' id='word_1_299' title='bbox 371 4105 552 4171; x_wconf 89' lang='lat' dir='ltr'>Nicholaus</span> <span class='ocrx_word' id='word_1_300' title='bbox 587 4129 755 4174; x_wconf 87' lang='lat' dir='ltr'>successor</span> <span class='ocrx_word' id='word_1_301' title='bbox 784 4111 926 4194; x_wconf 91' lang='lat' dir='ltr'>Eugenii</span> <span class='ocrx_word' id='word_1_302' title='bbox 956 4111 1022 4194; x_wconf 64' lang='lat' dir='ltr'>iiij*¹</span> <span class='ocrx_word' id='word_1_303' title='bbox 1051 4134 1111 4196; x_wconf 91' lang='lat' dir='ltr'>pro</span> <span class='ocrx_word' id='word_1_304' title='bbox 1141 4134 1227 4197; x_wconf 91' lang='lat' dir='ltr'>papa</span> <span class='ocrx_word' id='word_1_305' title='bbox 1257 4122 1412 4196; x_wconf 91' lang='lat' dir='ltr'>acceptus</span> <span class='ocrx_word' id='word_1_306' title='bbox 1442 4121 1501 4176; x_wconf 88' lang='lat' dir='ltr'>est.</span> <span class='ocrx_word' id='word_1_307' title='bbox 1561 4111 1724 4176; x_wconf 92' lang='lat' dir='ltr'>Dominus</span> 
     </span>
    </p>
   </div>
   <div class='ocr_carea' id='block_1_5' title="bbox 372 4226 1724 4397">
    <p class='ocr_par' dir='ltr' id='par_1_7' title="bbox 372 4226 1724 4397">
     <span class='ocr_line' id='line_1_32' title="bbox 372 4226 1724 4315; baseline 0.006 -27"><span class='ocrx_word' id='word_1_308' title='bbox 372 4226 460 4290; x_wconf 93' lang='lat' dir='ltr'>enim</span> <span class='ocrx_word' id='word_1_309' title='bbox 485 4227 578 4293; x_wconf 92' lang='lat' dir='ltr'>Deus</span> <span class='ocrx_word' id='word_1_310' title='bbox 604 4229 712 4295; x_wconf 87' lang='lat' dir='ltr'>beatae</span> <span class='ocrx_word' id='word_1_311' title='bbox 737 4231 887 4314; x_wconf 81' lang='lat' dir='ltr'>Brigittae</span> <span class='ocrx_word' id='word_1_312' title='bbox 910 4233 1017 4298; x_wconf 81' lang='lat' dir='ltr'>viduae</span> <span class='ocrx_word' id='word_1_313' title='bbox 1047 4233 1089 4296; x_wconf 93' lang='lat' dir='ltr'>de</span> <span class='ocrx_word' id='word_1_314' title='bbox 1119 4253 1220 4315; x_wconf 89' lang='lat' dir='ltr'>regno</span> <span class='ocrx_word' id='word_1_315' title='bbox 1248 4233 1376 4299; x_wconf 88' lang='lat' dir='ltr'>Sueciae</span> <span class='ocrx_word' id='word_1_316' title='bbox 1409 4232 1441 4295; x_wconf 92' lang='lat' dir='ltr'>in</span> <span class='ocrx_word' id='word_1_317' title='bbox 1468 4231 1724 4297; x_wconf 80' lang='lat' dir='ltr'>revelationibus</span> 
     </span>
     <span class='ocr_line' id='line_1_33' title="bbox 1036 4351 1059 4397; baseline 0 0"><span class='ocrx_word' id='word_1_318' title='bbox 1036 4351 1059 4397; x_wconf 82' lang='lat' dir='ltr'>R</span> 
     </span>
    </p>
   </div>
   <div class='ocr_carea' id='block_1_6' title="bbox 0 0 2204 4936">
    <p class='ocr_par' dir='ltr' id='par_1_8' title="bbox 0 0 2204 4936">
     <span class='ocr_line' id='line_1_34' title="bbox 0 0 2204 4936; baseline 0 0"><span class='ocrx_word' id='word_1_319' title='bbox 0 0 2204 4936; x_wconf 95' lang='lat' dir='ltr'> </span> 
     </span>
    </p>
   </div>
  </div>
 </body>
</html>
