4322 4936
474 390 536 456 208
850 396 947 451 LOCI
973 394 1002 448 E
1030 395 1155 448 LIBRO
1190 391 1448 448 VERITATUM.

560 621 597 688 [p.
622 619 693 690 59³]
737 619 856 686 Reges.
903 609 998 674 Istud
1030 618 1080 673 est
1111 619 1226 674 contra
1260 608 1436 672 modernos
1465 613 1499 668 et
1528 611 1643 668 contra
1673 609 1824 685 regentes

475 732 620 798 Oxoniae
643 732 698 816 qui
721 733 870 796 vendunt
895 732 1018 815 gradus
1044 739 1078 794 et
1103 730 1240 812 gracias,
1273 729 1292 792 i.
1308 749 1336 792 e.
1359 725 1628 809 dispensaciones
1653 743 1739 798 suas,
1766 742 1824 785 seu

474 851 626 918 licencias
649 854 692 918 ad
717 853 840 936 gradus
864 851 1063 929 scolasticos,
1089 859 1123 915 et
1147 851 1251 915 eciam
1275 849 1423 913 vendunt
1450 847 1557 911 officia
1580 855 1615 911 et
1637 843 1825 909 bedellatus

474 993 533 1038 seu
559 973 703 1056 aliquem
730 993 802 1036 esse
828 973 873 1036 ibi
898 971 1066 1036 bedellum
1070 1016 1199 1036 ......
1214 969 1296 1034 Vael
1322 969 1393 1033 vae!
1420 976 1554 1052 quantae
1579 975 1657 1031 sunt
1680 964 1825 1029 tenebrae

475 1093 508 1157 in
538 1095 627 1174 orbe,
657 1104 691 1158 et
723 1102 806 1176 quot
835 1093 867 1156 in
898 1092 1024 1175 Anglia
1058 1101 1270 1157 surrexerunt
1299 1099 1477 1174 postquam
1511 1089 1683 1172 episcopus
1714 1084 1825 1150 Cices·

474 1215 600 1290 trensis,
630 1215 836 1298 Reginaldus
868 1213 977 1278 Pecok
1007 1215 1050 1278 de
1075 1213 1206 1290 Wallia,
1233 1211 1425 1294 praedicavit
1453 1211 1497 1274 ad
1528 1229 1658 1274 crucem
1687 1206 1824 1272 sanctis-

474 1336 548 1400 simi
575 1335 667 1400 Pauli
694 1337 877 1400 Londoniis
905 1336 995 1418 quod
1022 1336 1177 1418 episcopi,
1202 1335 1235 1396 in
1261 1332 1325 1397 hoc
1354 1333 1444 1415 quod
1471 1330 1617 1414 episcopi
1644 1339 1730 1406 sunt,
1757 1347 1823 1390 non

475 1467 628 1521 tenentur
647 1459 826 1541 praedicare
845 1477 956 1522 coram
975 1456 1108 1540 populo,
1125 1454 1318 1537 accipiendo
1340 1454 1427 1517 hunc
1447 1453 1625 1516 terminum
1646 1449 1825 1534 praedicare

475 1579 509 1641 in
535 1599 596 1642 suo
618 1579 750 1661 proprio
776 1577 969 1660 significato,
991 1587 1026 1641 et
1048 1596 1181 1640 causam
1204 1576 1303 1640 istam
1328 1573 1471 1638 reddidit
1494 1575 1617 1650 dicens,
1638 1569 1825 1635 ‘Dionisius

475 1720 563 1782 papa
587 1699 698 1764 divisit
733 1698 904 1781 parochias
936 1697 980 1761 ab
1016 1697 1269 1780 episcopatibus,
1299 1704 1333 1759 et
1364 1695 1458 1758 dedit
1494 1713 1606 1758 curam
1641 1691 1824 1756 animarum

475 1821 655 1884 rectoribus
679 1829 713 1884 et
734 1819 856 1885 curatis
881 1819 1084 1882 immediatis
1109 1817 1319 1882 ecclesiarum
1342 1814 1588 1899 parochialium,
1610 1823 1644 1878 et
1667 1811 1766 1890 tunc,’
1787 1823 1824 1876 ut

475 1941 562 2005 dixit
589 1940 644 2004 ille
668 1941 789 2016 Pecok,
812 1941 987 2024 episcopus
1010 1939 1073 2018 ille,
1099 1945 1206 2022 ‘papa
1231 1938 1400 2002 Dionisius
1426 1937 1625 2001 disoneravit
1651 1935 1824 2019 episcopos

474 2063 644 2126 abunere
670 2061 871 2144 praedicandi
898 2061 931 2124 in
958 2061 1025 2123 suis
1051 2060 1238 2124 diocesibus
1265 2069 1299 2123 et
1323 2080 1343 2123 a
1370 2057 1542 2140 multiplici
1566 2078 1643 2122 cura
1669 2056 1824 2140 imposita

475 2192 554 2246 tunc
576 2203 635 2265 per
655 2182 746 2246 illum
762 2203 885 2264 papam
902 2181 1089 2244 Dionisium
1110 2181 1231 2245 curatis
1251 2179 1460 2244 ecclesiarum
1477 2175 1723 2262 parochialium’
1740 2220 1748 2237 .
1765 2221 1773 2238 .
1791 2226 1798 2240 .
1816 2225 1823 2240 .

475 2304 534 2367 sed
564 2303 642 2386 quia
674 2304 737 2367 iste
767 2301 877 2366 Pecolr
911 2302 1085 2384 episcopus
1113 2302 1203 2366 visus
1234 2301 1296 2366 fuit
1326 2301 1463 2366 diversis
1500 2302 1662 2384 episcopis
1692 2299 1824 2382 Angliae

475 2425 681 2488 disonerasse
696 2424 867 2506 episcopos
887 2423 930 2486 ab
946 2422 1153 2505 obligacione
1169 2423 1380 2506 praedicandi,
1397 2434 1431 2488 et
1446 2423 1489 2487 ab
1509 2421 1716 2505 obligacione
1731 2421 1825 2505 plura

475 2565 576 2626 opera
605 2565 691 2608 curae
725 2543 908 2607 animarum
939 2542 1089 2620 faciendi,
1119 2544 1202 2620 ideo,
1233 2552 1276 2606 ut,
1303 2545 1453 2623 creditur,
1484 2552 1519 2607 et
1548 2544 1678 2619 dicitur,
1707 2543 1825 2607 habuit

476 2667 622 2729 diversos
650 2665 822 2747 episcopos
844 2663 978 2745 Angliae
1006 2663 1036 2727 ei
1059 2663 1216 2742 faventes,
1238 2666 1388 2747 quamvis
1414 2665 1533 2728 diversi
1561 2665 1713 2728 doctores
1736 2664 1825 2728 The·

476 2786 594 2868 ologiae
623 2785 831 2850 Oxouienses
858 2794 892 2848 et
919 2785 1208 2868 Cantabrigienses
1238 2785 1343 2850 multa
1369 2785 1516 2849 lecerunt
1542 2795 1656 2849 contra
1683 2785 1824 2849 eundem

477 2907 667 2989 episcopum
706 2904 824 2982 Pecok,
858 2905 1079 2987 praedicandO,
1115 2906 1296 2984 scribend0‚
1335 2914 1368 2969 et
1404 2907 1656 2970 determinando
1694 2905 1825 2988 publice

477 3027 649 3091 Londiniis
678 3027 711 3090 in
742 3029 920 3109 praesencia
949 3024 1186 3109 archiepiscopi
1215 3025 1468 3102 Cantuariensis,
1495 3027 1651 3104 Stafford,
1674 3029 1731 3111 qui
1764 3027 1825 3090 luit

476 3148 622 3226 civilista,
652 3157 685 3212 et
715 3149 747 3210 in
777 3147 957 3230 praesencia
988 3147 1092 3211 eciam
1126 3147 1171 3210 ibi
1204 3146 1346 3230 plurium
1380 3149 1618 3232 episcoporum,
1646 3158 1679 3213 et
1709 3157 1825 3232 postea

476 3289 585 3333 coram
622 3269 867 3351 archiepiscopo
898 3266 1135 3344 Cantuariensi,
1167 3267 1279 3351 Kemp
1317 3271 1458 3348 nomine,
1489 3281 1523 3335 et
1560 3280 1677 3353 postea
1714 3289 1824 3335 coram

476 3390 614 3453 domino
639 3388 771 3453 Thoma
797 3387 963 3467 Bouschir,
986 3388 1233 3471 archiepiscopo
1257 3388 1506 3470 Cantuariensi3
1530 3393 1616 3456 iuter
1641 3413 1724 3475 quos
1746 3392 1824 3456 doc·

477 3520 565 3575 tores
588 3511 753 3594 praecipue
779 3511 813 3573 in
842 3531 941 3575 causa
964 3511 1027 3574 Dei
1050 3509 1182 3573 luerunt
1205 3510 1253 3572 M.
1271 3511 1386 3576 Petrus
1410 3512 1566 3596 Hyrlord,
1586 3511 1825 3579 Lincolniensis

477 3632 636 3709 diocesis3
660 3631 708 3695 M.
724 3629 910 3695 Willelmus
932 3629 1156 3714 Myllyngton,
1179 3630 1398 3696 Eboracensis
1421 3634 1581 3715 diocesis;
1604 3635 1721 3700 doctor
1734 3635 1826 3699 Tho·

477 3773 549 3817 mas
580 3752 738 3831 Eborall;
775 3754 891 3816 doctor
919 3751 1087 3834 Johannes
1118 3751 1288 3828 Burbach;
1324 3762 1358 3817 et
1387 3753 1539 3819 doctores
1570 3757 1690 3841 egregii
1721 3756 1825 3821 eciam

476 3874 549 3956 iiij⁰²
566 3874 718 3938 ordinum
736 3881 889 3956 patrum;
912 3882 946 3936 et
967 3873 1083 3936 doctor
1105 3871 1205 3954 Hugo
1224 3873 1381 3953 Damlet;
1405 3875 1461 3956 qui
1484 3875 1517 3939 in
1538 3876 1674 3940 diversis
1696 3878 1825 3961 scriptis

476 3993 578 4077 ipsius
603 3993 713 4058 Pecok
736 3992 888 4077 Anglicis
914 4003 948 4058 et
975 3993 1104 4058 Latinis
1130 3995 1237 4076 ipsum
1264 4013 1437 4058 erroneum
1463 4004 1497 4059 et
1522 3995 1713 4062 haereticum
1741 3999 1824 4063 indi-

477 4124 641 4189 caverunt,
667 4114 746 4197 quia
770 4114 879 4179 Pecok
906 4116 1079 4198 episcopus
1109 4113 1250 4178 multum
1275 4115 1498 4196 vilipendebat
1526 4119 1615 4183 dicta
1641 4128 1675 4183 et
1704 4119 1825 4203 scripta
