4338 4936
717 427 815 480 LOCI
843 428 873 480 E
901 427 1026 481 LIBRO
1061 427 1318 482 VERITATUM.
1672 431 1694 492 9

344 633 493 720 Hungat,
523 660 634 705 comes
663 654 842 726 perpetuus
871 643 1123 717 Wisterciensis‚
1154 663 1238 725 quas
1273 643 1384 707 literas
1421 611 1622 705 suas'misit
1660 637 1693 701 in

339 755 501 839 Angliam
537 780 612 824 cum
650 763 797 828 Domino
831 764 971 827 Erasmo
1007 761 1122 826 Fullar
1150 765 1320 829 sacerdote
1355 764 1398 827 de
1436 760 1607 842 Hungaria
1637 758 1693 840 qui

341 876 376 939 in
400 877 457 942 illo
481 879 570 943 bello
591 893 707 948 contra
726 883 854 948 Turcos
877 884 949 963 luit,
969 883 1077 948 occiso
1100 883 1144 947 ibi
1169 883 1269 948 fratre
1291 903 1353 947 suo
1376 882 1512 948 domino
1536 877 1693 944 Oswaldo

340 995 461 1076 Fullar,
488 1001 544 1083 qui
570 1001 631 1066 luit
662 1004 764 1083 miles,
791 1015 825 1069 et
851 1005 958 1069 occisa
985 1014 1064 1069 tunc
1091 1003 1223 1069 luerunt
1246 1005 1289 1068 de
1317 1003 1450 1067 Xtianis
1485 998 1555 1064 18¹¹n
1580 998 1692 1072 millia,

339 1119 491 1198 quamvis
516 1142 578 1185 nos
604 1123 638 1187 in
663 1123 789 1208 Anglia
814 1125 991 1190 habuimus
1017 1145 1165 1188 rumores
1191 1125 1281 1207 quod
1304 1124 1435 1188 luerunt
1463 1122 1495 1186 in
1523 1121 1578 1185 illo
1603 1119 1693 1183 bello

341 1236 403 1300 20ti
433 1241 536 1305 millia
566 1242 765 1308 Xtianorum
798 1256 879 1324 tum,
910 1257 943 1310 et
977 1246 1067 1328 quod
1098 1255 1171 1309 tum
1207 1265 1309 1308 unum
1343 1244 1433 1308 mille
1469 1263 1513 1306 ex
1548 1241 1595 1305 eis
1630 1239 1693 1302 luit

339 1358 492 1436 occisum,
510 1363 566 1444 qui
585 1385 698 1428 rumor
715 1365 748 1428 in
768 1366 895 1449 Anglia
914 1386 981 1430 non
1003 1365 1064 1429 luit
1083 1386 1188 1443 verus,
1203 1366 1353 1447 quamvis
1374 1365 1407 1428 in
1428 1363 1530 1428 literis
1552 1360 1692 1424 missivis

340 1479 488 1562 scriptus,
512 1493 545 1547 et
570 1484 646 1566 quia
676 1506 736 1549 rex
768 1487 949 1570 Hungariae
979 1485 1133 1550 dominus
1164 1485 1341 1551 Ladislaus
1370 1485 1431 1548 luit
1461 1494 1533 1548 tum
1560 1481 1692 1564 juvenis

342 1614 382 1662 20
411 1621 573 1666 annorum
605 1605 639 1667 in
668 1615 777 1681 aetate,
809 1608 884 1671 ideo
914 1607 1092 1690 praedictus
1122 1626 1236 1670 comes
1264 1606 1419 1669 dominus
1448 1602 1617 1685 Johannes
1648 1601 1692 1663 de

342 1717 482 1803 Hungat
508 1723 569 1788 luit
591 1725 792 1806 gubernator
814 1729 899 1811 regis
925 1739 959 1793 et
988 1727 1081 1810 regni
1107 1725 1311 1809 Hungariae;
1345 1735 1380 1790 et
1411 1724 1569 1807 praedicta
1599 1721 1697 1785 novit

337 1837 488 1904 Thomas
525 1841 721 1928 Gascoigne,
752 1847 969 1912 Eboracensis
1004 1847 1153 1924 diocesis,
1181 1857 1320 1912 vocatus
1351 1848 1468 1911 doctor
1497 1842 1690 1923 Theologiae

339 1958 493 2041 Oxoniae,
508 1964 564 2046 qui
586 1965 658 2030 haec
680 1969 807 2032 audivit
830 1969 863 2032 in
887 1969 1031 2044 Oxonia‚
1047 1978 1081 2032 et
1098 1968 1182 2031 vidit
1200 1967 1233 2030 in
1256 1967 1358 2031 literis
1380 1965 1528 2048 praedicti
1552 1963 1692 2038 comitis,

339 2080 447 2163 sigillo
477 2104 642 2149 armorum
672 2108 806 2152 suorum
837 2089 994 2171 sigillatis,
1020 2099 1053 2153 et
1083 2087 1160 2153 lecit
1190 2107 1376 2152 sermonem
1408 2105 1518 2150 coram
1549 2084 1691 2148 Univer-

337 2201 436 2266 sitate
465 2203 620 2282 Oxoniae,
652 2207 685 2269 in
711 2211 918 2290 processione
952 2211 997 2272 ibi
1028 2209 1183 2292 generali,
1213 2217 1348 2272 cantato
1386 2208 1431 2270 ibi
1466 2206 1540 2269 ‘Te
1577 2204 1688 2267 Deum

337 2321 525 2387 laudamus’
556 2347 661 2409 usque
691 2329 724 2392 in
754 2329 863 2408 finem,
889 2330 922 2394 in
950 2329 1087 2393 ecclesia
1116 2330 1224 2393 beatae
1252 2328 1462 2392 Frideswidae
1488 2325 1631 2407 virginis,
1654 2334 1694 2386 et

338 2463 405 2506 non
431 2447 508 2510 novi
534 2467 594 2512 nec
619 2449 730 2514 audivi
756 2452 846 2534 quod
871 2451 1027 2534 Episcopi
1056 2449 1192 2532 Angliae
1222 2449 1485 2531 praedicaverunt
1515 2445 1688 2509 materiam

336 2563 459 2627 divinae
491 2565 598 2631 laudis
632 2590 692 2652 pro
721 2570 785 2635 hoc
821 2592 943 2653 magno
978 2569 1134 2634 miraculo
1170 2569 1290 2648 divin0‚
1320 2569 1378 2632 sed
1413 2569 1440 2631 si
1473 2566 1507 2630 hi
1541 2565 1688 2650 episcopi

337 2685 508 2760 tacuerint,
529 2687 656 2771 lapides
671 2689 871 2768 clamabunt,
890 2692 939 2754 i.e.
958 2689 1124 2773 simplices
1141 2689 1257 2753 Xtiani
1279 2691 1399 2767 dicent,
1415 2687 1540 2751 ‘omnis
1554 2685 1691 2768 spiritus

336 2801 450 2868 laudet
473 2805 655 2873 Dominum
676 2811 827 2894 semper!
872 2811 1053 2875 Praedictus
1076 2812 1193 2875 doctor
1217 2809 1444 2886 Bononiensis,
1470 2815 1593 2871 sanetae
1618 2826 1688 2868 me-

338 2926 450 2989 moriae
480 2929 677 3010 praedicator
705 2941 739 2996 et
768 2932 877 2996 socius
908 2931 1022 2997 Sancti
1052 2931 1221 3008 Bemardi,
1248 2950 1336 2994 anno
1366 2929 1426 2993 Xti
1457 2943 1540 3009 1450
1568 2927 1690 2990 Rornae

337 3046 532 3128 canonizati,
556 3049 673 3115 doctor
695 3050 865 3132 Johannes
891 3052 934 3115 de
962 3050 1160 3134 Capistrano
1184 3049 1261 3115 secit
1287 3050 1409 3113 multas
1433 3047 1687 3132 praedicacioncs

334 3173 371 3229 et
399 3167 652 3234 reformaciones
681 3173 714 3234 in
738 3192 840 3254 regno
867 3171 980 3237 inclito
1007 3172 1191 3254 Hungariae
1216 3173 1260 3236 de
1286 3172 1514 3254 episcoporum
1543 3168 1687 3230 moribus

337 3286 441 3364 malis,
463 3297 496 3352 et
518 3289 680 3354 abbatum
703 3301 737 3355 et
758 3292 984 3375 religiosorum
1007 3303 1041 3356 et
1061 3292 1279 3370 sacerdotum,
1295 3301 1328 3355 et
1348 3290 1505 3354 laicorum
1527 3287 1686 3370 adjuvan-

336 3408 425 3472 tibus
447 3429 532 3488 eum,
555 3421 588 3474 et
611 3421 725 3476 contra
747 3413 882 3477 eosdem
905 3413 1160 3477 defendentibus
1183 3433 1258 3476 eum
1281 3412 1425 3476 dominis
1448 3408 1686 3492 temporalibus

335 3529 369 3592 in
395 3529 563 3613 Ungaria3
595 3533 651 3614 qui
678 3533 782 3596 eciam
806 3534 963 3616 praedicat
990 3533 1023 3596 in
1050 3554 1151 3616 regno
1176 3533 1322 3596 Boemiae
1350 3531 1491 3595 multum
1517 3530 1685 3592 destructo

335 3669 395 3731 per
422 3648 584 3715 hereticos
613 3651 757 3716 Boemos
788 3653 836 3715 M.
860 3652 1047 3734 Johannem
1073 3654 1184 3718 Husse
1214 3663 1249 3717 et
1279 3673 1338 3736 per
1362 3651 1464 3716 alium
1492 3649 1686 3732 magistrum

333 3770 458 3833 arcium
481 3769 686 3851 Jeronimum
711 3773 754 3836 de
780 3773 886 3855 Praga
912 3774 946 3836 in
972 3795 1073 3856 regno
1100 3773 1256 3853 Boemiae‚
1282 3773 1360 3856 quia
1390 3772 1502 3836 nutriti
1528 3777 1622 3834 erant
1651 3769 1685 3831 in

336 3889 432 3953 malis
455 3911 568 3954 eorum
599 3891 761 3956 erroribus
791 3904 825 3958 et
850 3892 1019 3958 heresibus
1045 3915 1105 3977 per
1126 3894 1227 3960 libros
1254 3893 1332 3956 mali
1358 3891 1502 3957 doctoris
1523 3887 1686 3971 Johannis

335 4008 473 4092 Wyclifs
489 4011 533 4074 de
551 4009 686 4094 Anglia,
703 4033 787 4094 quos
809 4011 910 4078 libros
931 4015 1049 4080 Boemi
1070 4015 1237 4080 scholares
1260 4013 1293 4076 in
1317 4012 1451 4078 Oxonia
1473 4017 1686 4096 portaverunt

335 4131 370 4193 in
399 4129 582 4210 Boemiam,
612 4142 649 4196 ut
678 4141 771 4216 patet
807 4134 841 4198 in
875 4133 959 4198 libro
991 4137 1035 4198 de
1063 4137 1164 4218 gestis
1195 4133 1323 4200 concilii
1355 4129 1620 4198 constanciensis
1650 4137 1686 4192 et

335 4249 525 4316 Basiliensis
555 4271 638 4334 quos
664 4251 740 4316 vidi.
795 4251 842 4316 Et
872 4255 1013 4337 pessima
1040 4255 1150 4336 regina
1177 4275 1262 4318 uxor
1289 4253 1328 4338 3¹¹
1353 4251 1572 4318 Wenceslavii
1597 4251 1683 4333 regis

1000 4373 1019 4422 C
