<?xml version="1.0" encoding="UTF-8"?>
<!DOCTYPE html PUBLIC "-//W3C//DTD XHTML 1.0 Transitional//EN"
    "http://www.w3.org/TR/xhtml1/DTD/xhtml1-transitional.dtd">
<html xmlns="http://www.w3.org/1999/xhtml" xml:lang="en" lang="en">
 <head>
  <title>
</title>
<meta http-equiv="Content-Type" content="text/html;charset=utf-8" />
  <meta name='ocr-system' content='tesseract 3.04.00' />
  <meta name='ocr-capabilities' content='ocr_page ocr_carea ocr_par ocr_line ocrx_word'/>
</head>
<body>
  <div class='ocr_page' id='page_1' title='image "./locielibroverit01gascgoog_0302.png"; bbox 0 0 4322 4936; ppageno 0'>
   <div class='ocr_carea' id='block_1_1' title="bbox 713 384 1691 467">
    <p class='ocr_par' dir='ltr' id='par_1_1' title="bbox 713 384 1691 467">
     <span class='ocr_line' id='line_1_1' title="bbox 713 384 1691 467; baseline -0.001 -19"><span class='ocrx_word' id='word_1_1' title='bbox 713 396 812 450; x_wconf 86' lang='lat' dir='ltr'><em>LOCI</em></span> <span class='ocrx_word' id='word_1_2' title='bbox 837 397 867 448; x_wconf 87' lang='lat' dir='ltr'><em>E</em></span> <span class='ocrx_word' id='word_1_3' title='bbox 895 396 1020 449; x_wconf 88' lang='lat' dir='ltr'><em>LIBRO</em></span> <span class='ocrx_word' id='word_1_4' title='bbox 1055 395 1315 449; x_wconf 81' lang='lat' dir='ltr'><em>VERITATUM.</em></span> <span class='ocrx_word' id='word_1_5' title='bbox 1631 384 1691 467; x_wconf 86' lang='lat'>189</span> 
     </span>
    </p>
   </div>
   <div class='ocr_carea' id='block_1_2' title="bbox 336 608 1693 3956">
    <p class='ocr_par' dir='ltr' id='par_1_2' title="bbox 336 608 1693 3956">
     <span class='ocr_line' id='line_1_2' title="bbox 336 608 1692 695; baseline -0.003 -21"><span class='ocrx_word' id='word_1_6' title='bbox 336 612 589 695; x_wconf 72' lang='lat' dir='ltr'>praedicatorum</span> <span class='ocrx_word' id='word_1_7' title='bbox 619 613 738 676; x_wconf 85' lang='lat' dir='ltr'>famosi</span> <span class='ocrx_word' id='word_1_8' title='bbox 761 611 893 674; x_wconf 80' lang='lat' dir='ltr'>luerunt</span> <span class='ocrx_word' id='word_1_9' title='bbox 919 611 1076 692; x_wconf 86' lang='lat' dir='ltr'>magister</span> <span class='ocrx_word' id='word_1_10' title='bbox 1104 609 1274 673; x_wconf 89' lang='lat' dir='ltr'>Gilbertus</span> <span class='ocrx_word' id='word_1_11' title='bbox 1296 608 1554 691; x_wconf 90' lang='lat' dir='ltr'>Wurthyngton,</span> <span class='ocrx_word' id='word_1_12' title='bbox 1585 617 1692 673; x_wconf 90' lang='lat' dir='ltr'>rector</span> 
     </span>
     <span class='ocr_line' id='line_1_3' title="bbox 337 729 1693 812; baseline -0.004 -14"><span class='ocrx_word' id='word_1_13' title='bbox 337 733 484 798; x_wconf 84' lang='lat' dir='ltr'>ecclesiae</span> <span class='ocrx_word' id='word_1_14' title='bbox 508 733 623 798; x_wconf 87' lang='lat' dir='ltr'>Sancti</span> <span class='ocrx_word' id='word_1_15' title='bbox 647 733 795 796; x_wconf 87' lang='lat' dir='ltr'>Andreae</span> <span class='ocrx_word' id='word_1_16' title='bbox 826 734 860 795; x_wconf 88' lang='lat' dir='ltr'>in</span> <span class='ocrx_word' id='word_1_17' title='bbox 892 731 1076 809; x_wconf 90' lang='lat' dir='ltr'>Holburne‚</span> <span class='ocrx_word' id='word_1_18' title='bbox 1104 731 1296 806; x_wconf 89' lang='lat' dir='ltr'>Londoniis,</span> <span class='ocrx_word' id='word_1_19' title='bbox 1325 739 1359 794; x_wconf 91' lang='lat' dir='ltr'>et</span> <span class='ocrx_word' id='word_1_20' title='bbox 1385 732 1542 812; x_wconf 89' lang='lat' dir='ltr'>magister</span> <span class='ocrx_word' id='word_1_21' title='bbox 1565 729 1693 793; x_wconf 92' lang='lat' dir='ltr'>Willel·</span> 
     </span>
     <span class='ocr_line' id='line_1_4' title="bbox 337 851 1692 937; baseline -0.002 -20"><span class='ocrx_word' id='word_1_22' title='bbox 337 875 410 918; x_wconf 90' lang='lat' dir='ltr'>mus</span> <span class='ocrx_word' id='word_1_23' title='bbox 447 855 630 937; x_wconf 90' lang='lat' dir='ltr'>Lyttselde,</span> <span class='ocrx_word' id='word_1_24' title='bbox 667 863 774 918; x_wconf 90' lang='lat' dir='ltr'>rector</span> <span class='ocrx_word' id='word_1_25' title='bbox 806 852 954 917; x_wconf 86' lang='lat' dir='ltr'>ecclesiae</span> <span class='ocrx_word' id='word_1_26' title='bbox 985 851 1146 916; x_wconf 85' lang='lat' dir='ltr'><strong>Omnium</strong></span> <span class='ocrx_word' id='word_1_27' title='bbox 1184 851 1394 930; x_wconf 91' lang='lat' dir='ltr'>Sanctorum,</span> <span class='ocrx_word' id='word_1_28' title='bbox 1428 851 1622 927; x_wconf 86' lang='lat' dir='ltr'>Londoniis,</span> <span class='ocrx_word' id='word_1_29' title='bbox 1658 860 1692 917; x_wconf 84' lang='lat' dir='ltr'>et</span> 
     </span>
     <span class='ocr_line' id='line_1_5' title="bbox 338 970 1693 1057; baseline -0.003 -20"><span class='ocrx_word' id='word_1_30' title='bbox 338 975 495 1057; x_wconf 90' lang='lat' dir='ltr'>magister</span> <span class='ocrx_word' id='word_1_31' title='bbox 522 977 637 1040; x_wconf 89' lang='lat' dir='ltr'>Petms</span> <span class='ocrx_word' id='word_1_32' title='bbox 666 977 709 1040; x_wconf 92' lang='lat' dir='ltr'>de</span> <span class='ocrx_word' id='word_1_33' title='bbox 736 975 906 1056; x_wconf 90' lang='lat' dir='ltr'>Beverley,</span> <span class='ocrx_word' id='word_1_34' title='bbox 933 972 1014 1036; x_wconf 88' lang='lat' dir='ltr'>alias</span> <span class='ocrx_word' id='word_1_35' title='bbox 1043 971 1205 1048; x_wconf 84' lang='lat' dir='ltr'>Hirlorth,</span> <span class='ocrx_word' id='word_1_36' title='bbox 1232 973 1387 1036; x_wconf 89' lang='lat' dir='ltr'>doctores</span> <span class='ocrx_word' id='word_1_37' title='bbox 1416 971 1534 1034; x_wconf 85' lang='lat' dir='ltr'><strong>famosi</strong></span> <span class='ocrx_word' id='word_1_38' title='bbox 1565 971 1598 1034; x_wconf 96' lang='lat' dir='ltr'>in</span> <span class='ocrx_word' id='word_1_39' title='bbox 1624 970 1693 1034; x_wconf 94' lang='lat' dir='ltr'>vita</span> 
     </span>
     <span class='ocr_line' id='line_1_6' title="bbox 338 1090 1691 1174; baseline -0.004 -15"><span class='ocrx_word' id='word_1_40' title='bbox 338 1107 371 1160; x_wconf 93' lang='lat' dir='ltr'>et</span> <span class='ocrx_word' id='word_1_41' title='bbox 409 1097 550 1160; x_wconf 86' lang='lat' dir='ltr'>sciencia</span> <span class='ocrx_word' id='word_1_42' title='bbox 586 1097 629 1160; x_wconf 93' lang='lat' dir='ltr'>de</span> <span class='ocrx_word' id='word_1_43' title='bbox 661 1095 819 1160; x_wconf 86' lang='lat' dir='ltr'>cathedra</span> <span class='ocrx_word' id='word_1_44' title='bbox 854 1092 1087 1174; x_wconf 86' lang='lat' dir='ltr'>Cantabrigiae,</span> <span class='ocrx_word' id='word_1_45' title='bbox 1119 1103 1153 1156; x_wconf 93' lang='lat' dir='ltr'>et</span> <span class='ocrx_word' id='word_1_46' title='bbox 1190 1093 1307 1156; x_wconf 91' lang='lat' dir='ltr'>doctor</span> <span class='ocrx_word' id='word_1_47' title='bbox 1345 1091 1494 1156; x_wconf 89' lang='lat' dir='ltr'>Thomas</span> <span class='ocrx_word' id='word_1_48' title='bbox 1532 1090 1691 1166; x_wconf 89' lang='lat' dir='ltr'>Eburhal,</span> 
     </span>
     <span class='ocr_line' id='line_1_7' title="bbox 338 1213 1692 1300; baseline -0.004 -18"><span class='ocrx_word' id='word_1_49' title='bbox 338 1216 551 1293; x_wconf 79' lang='lat' dir='ltr'>oxoniensis,</span> <span class='ocrx_word' id='word_1_50' title='bbox 582 1217 638 1300; x_wconf 93' lang='lat' dir='ltr'>qui</span> <span class='ocrx_word' id='word_1_51' title='bbox 669 1227 747 1280; x_wconf 91' lang='lat' dir='ltr'>tunc</span> <span class='ocrx_word' id='word_1_52' title='bbox 778 1216 840 1279; x_wconf 81' lang='lat' dir='ltr'>fuit</span> <span class='ocrx_word' id='word_1_53' title='bbox 872 1216 1028 1297; x_wconf 88' lang='lat' dir='ltr'>magister</span> <span class='ocrx_word' id='word_1_54' title='bbox 1060 1213 1190 1296; x_wconf 91' lang='lat' dir='ltr'>collegii</span> <span class='ocrx_word' id='word_1_55' title='bbox 1221 1213 1355 1278; x_wconf 85' lang='lat' dir='ltr'>Ricardi</span> <span class='ocrx_word' id='word_1_56' title='bbox 1381 1213 1605 1296; x_wconf 89' lang='lat' dir='ltr'>Wittyngton,</span> <span class='ocrx_word' id='word_1_57' title='bbox 1635 1213 1692 1295; x_wconf 94' lang='lat' dir='ltr'>qui</span> 
     </span>
     <span class='ocr_line' id='line_1_8' title="bbox 337 1334 1693 1416; baseline -0.004 -15"><span class='ocrx_word' id='word_1_58' title='bbox 337 1358 455 1401; x_wconf 88' lang='lat' dir='ltr'>omnes</span> <span class='ocrx_word' id='word_1_59' title='bbox 491 1338 628 1416; x_wconf 83' lang='lat' dir='ltr'>sortiter,</span> <span class='ocrx_word' id='word_1_60' title='bbox 661 1337 770 1400; x_wconf 90' lang='lat' dir='ltr'>verbis</span> <span class='ocrx_word' id='word_1_61' title='bbox 808 1345 841 1400; x_wconf 92' lang='lat' dir='ltr'>et</span> <span class='ocrx_word' id='word_1_62' title='bbox 879 1335 1055 1416; x_wconf 91' lang='lat' dir='ltr'>scripturis,</span> <span class='ocrx_word' id='word_1_63' title='bbox 1091 1335 1289 1412; x_wconf 89' lang='lat' dir='ltr'>restiterunt,</span> <span class='ocrx_word' id='word_1_64' title='bbox 1322 1355 1397 1398; x_wconf 91' lang='lat' dir='ltr'>cum</span> <span class='ocrx_word' id='word_1_65' title='bbox 1430 1335 1519 1398; x_wconf 91' lang='lat' dir='ltr'>bono</span> <span class='ocrx_word' id='word_1_66' title='bbox 1557 1334 1693 1398; x_wconf 89' lang='lat' dir='ltr'>doctore</span> 
     </span>
     <span class='ocr_line' id='line_1_9' title="bbox 338 1454 1692 1540; baseline -0.004 -19"><span class='ocrx_word' id='word_1_67' title='bbox 338 1457 563 1540; x_wconf 86' lang='lat' dir='ltr'>Myllyngton,</span> <span class='ocrx_word' id='word_1_68' title='bbox 590 1467 704 1522; x_wconf 90' lang='lat' dir='ltr'>contra</span> <span class='ocrx_word' id='word_1_69' title='bbox 735 1455 959 1538; x_wconf 88' lang='lat' dir='ltr'>Reginaldum</span> <span class='ocrx_word' id='word_1_70' title='bbox 990 1455 1109 1529; x_wconf 89' lang='lat' dir='ltr'>Pecok,</span> <span class='ocrx_word' id='word_1_71' title='bbox 1137 1456 1329 1537; x_wconf 88' lang='lat' dir='ltr'>episcopum</span> <span class='ocrx_word' id='word_1_72' title='bbox 1359 1465 1430 1518; x_wconf 93' lang='lat' dir='ltr'>tum</span> <span class='ocrx_word' id='word_1_73' title='bbox 1457 1454 1692 1528; x_wconf 90' lang='lat' dir='ltr'>Assavensem,</span> 
     </span>
     <span class='ocr_line' id='line_1_10' title="bbox 337 1574 1692 1660; baseline -0.003 -20"><span class='ocrx_word' id='word_1_74' title='bbox 337 1588 456 1660; x_wconf 90' lang='lat' dir='ltr'>postea</span> <span class='ocrx_word' id='word_1_75' title='bbox 490 1579 730 1643; x_wconf 73' lang='lat' dir='ltr'>cicestrensem</span> <span class='ocrx_word' id='word_1_76' title='bbox 768 1578 969 1658; x_wconf 88' lang='lat' dir='ltr'>episcopum,</span> <span class='ocrx_word' id='word_1_77' title='bbox 1007 1596 1066 1658; x_wconf 93' lang='lat' dir='ltr'>per</span> <span class='ocrx_word' id='word_1_78' title='bbox 1103 1576 1221 1639; x_wconf 91' lang='lat' dir='ltr'>ducem</span> <span class='ocrx_word' id='word_1_79' title='bbox 1260 1574 1454 1640; x_wconf 83' lang='lat' dir='ltr'>Suthiolciae</span> <span class='ocrx_word' id='word_1_80' title='bbox 1487 1575 1692 1639; x_wconf 91' lang='lat' dir='ltr'>Willelmum</span> 
     </span>
     <span class='ocr_line' id='line_1_11' title="bbox 339 1695 1693 1780; baseline -0.003 -19"><span class='ocrx_word' id='word_1_81' title='bbox 339 1697 457 1761; x_wconf 91' lang='lat' dir='ltr'>Powle.</span> <span class='ocrx_word' id='word_1_82' title='bbox 504 1699 572 1762; x_wconf 91' lang='lat' dir='ltr'>Iste</span> <span class='ocrx_word' id='word_1_83' title='bbox 598 1699 686 1761; x_wconf 93' lang='lat' dir='ltr'>enim</span> <span class='ocrx_word' id='word_1_84' title='bbox 714 1699 899 1780; x_wconf 89' lang='lat' dir='ltr'>episcopus,</span> <span class='ocrx_word' id='word_1_85' title='bbox 921 1697 1079 1760; x_wconf 88' lang='lat' dir='ltr'>Wallicus</span> <span class='ocrx_word' id='word_1_86' title='bbox 1106 1696 1239 1777; x_wconf 85' lang='lat' dir='ltr'>origine,</span> <span class='ocrx_word' id='word_1_87' title='bbox 1264 1697 1456 1779; x_wconf 82' lang='lat' dir='ltr'>praedicavit</span> <span class='ocrx_word' id='word_1_88' title='bbox 1486 1697 1576 1779; x_wconf 91' lang='lat' dir='ltr'>quod</span> <span class='ocrx_word' id='word_1_89' title='bbox 1607 1695 1693 1778; x_wconf 91' lang='lat' dir='ltr'>epis-</span> 
     </span>
     <span class='ocr_line' id='line_1_12' title="bbox 337 1817 1693 1901; baseline -0.002 -19"><span class='ocrx_word' id='word_1_90' title='bbox 337 1819 411 1901; x_wconf 94' lang='lat' dir='ltr'>copi</span> <span class='ocrx_word' id='word_1_91' title='bbox 432 1839 498 1882; x_wconf 95' lang='lat' dir='ltr'>non</span> <span class='ocrx_word' id='word_1_92' title='bbox 519 1820 717 1882; x_wconf 88' lang='lat' dir='ltr'>tenebantur</span> <span class='ocrx_word' id='word_1_93' title='bbox 736 1819 924 1901; x_wconf 68' lang='lat' dir='ltr'>praedicare,</span> <span class='ocrx_word' id='word_1_94' title='bbox 945 1839 985 1880; x_wconf 95' lang='lat' dir='ltr'>eo</span> <span class='ocrx_word' id='word_1_95' title='bbox 1008 1817 1098 1899; x_wconf 94' lang='lat' dir='ltr'>quod</span> <span class='ocrx_word' id='word_1_96' title='bbox 1121 1817 1266 1900; x_wconf 91' lang='lat' dir='ltr'>episcopi</span> <span class='ocrx_word' id='word_1_97' title='bbox 1287 1828 1385 1894; x_wconf 91' lang='lat' dir='ltr'>sunt;</span> <span class='ocrx_word' id='word_1_98' title='bbox 1409 1827 1442 1881; x_wconf 90' lang='lat' dir='ltr'>et</span> <span class='ocrx_word' id='word_1_99' title='bbox 1464 1817 1559 1899; x_wconf 88' lang='lat' dir='ltr'>quasi</span> <span class='ocrx_word' id='word_1_100' title='bbox 1577 1837 1693 1880; x_wconf 93' lang='lat' dir='ltr'>omnes</span> 
     </span>
     <span class='ocr_line' id='line_1_13' title="bbox 338 1937 1692 2022; baseline -0.001 -21"><span class='ocrx_word' id='word_1_101' title='bbox 338 1940 483 2021; x_wconf 89' lang='lat' dir='ltr'>episcopi</span> <span class='ocrx_word' id='word_1_102' title='bbox 506 1939 641 2022; x_wconf 87' lang='lat' dir='ltr'>Angliae</span> <span class='ocrx_word' id='word_1_103' title='bbox 666 1950 744 2003; x_wconf 89' lang='lat' dir='ltr'>tunc</span> <span class='ocrx_word' id='word_1_104' title='bbox 771 1940 800 2001; x_wconf 90' lang='lat' dir='ltr'>ei</span> <span class='ocrx_word' id='word_1_105' title='bbox 824 1938 989 2014; x_wconf 84' lang='lat' dir='ltr'>favebant,</span> <span class='ocrx_word' id='word_1_106' title='bbox 1013 1937 1066 2000; x_wconf 91' lang='lat' dir='ltr'>vel</span> <span class='ocrx_word' id='word_1_107' title='bbox 1090 1937 1211 2002; x_wconf 90' lang='lat' dir='ltr'>saltem</span> <span class='ocrx_word' id='word_1_108' title='bbox 1234 1939 1263 2001; x_wconf 91' lang='lat' dir='ltr'>ei</span> <span class='ocrx_word' id='word_1_109' title='bbox 1293 1959 1359 2001; x_wconf 93' lang='lat' dir='ltr'>non</span> <span class='ocrx_word' id='word_1_110' title='bbox 1382 1939 1631 2021; x_wconf 86' lang='lat' dir='ltr'>repugnabant:</span> <span class='ocrx_word' id='word_1_111' title='bbox 1658 1947 1692 2001; x_wconf 91' lang='lat' dir='ltr'>et</span> 
     </span>
     <span class='ocr_line' id='line_1_14' title="bbox 336 2059 1692 2142; baseline -0.001 -20"><span class='ocrx_word' id='word_1_112' title='bbox 336 2061 451 2123; x_wconf 89' lang='lat' dir='ltr'>statim</span> <span class='ocrx_word' id='word_1_113' title='bbox 480 2070 598 2142; x_wconf 89' lang='lat' dir='ltr'>postea</span> <span class='ocrx_word' id='word_1_114' title='bbox 630 2061 836 2125; x_wconf 89' lang='lat' dir='ltr'>inundabant</span> <span class='ocrx_word' id='word_1_115' title='bbox 867 2060 1123 2122; x_wconf 91' lang='lat' dir='ltr'>insurrecciones</span> <span class='ocrx_word' id='word_1_116' title='bbox 1157 2069 1272 2123; x_wconf 90' lang='lat' dir='ltr'>contra</span> <span class='ocrx_word' id='word_1_117' title='bbox 1305 2059 1477 2123; x_wconf 88' lang='lat' dir='ltr'>ecclesiam</span> <span class='ocrx_word' id='word_1_118' title='bbox 1512 2068 1547 2123; x_wconf 90' lang='lat' dir='ltr'>et</span> <span class='ocrx_word' id='word_1_119' title='bbox 1576 2066 1692 2123; x_wconf 92' lang='lat' dir='ltr'>contra</span> 
     </span>
     <span class='ocr_line' id='line_1_15' title="bbox 337 2180 1691 2264; baseline -0.001 -20"><span class='ocrx_word' id='word_1_120' title='bbox 337 2201 458 2263; x_wconf 86' lang='lat' dir='ltr'>regem,</span> <span class='ocrx_word' id='word_1_121' title='bbox 482 2203 542 2264; x_wconf 92' lang='lat' dir='ltr'>per</span> <span class='ocrx_word' id='word_1_122' title='bbox 569 2181 659 2245; x_wconf 92' lang='lat' dir='ltr'>milia</span> <span class='ocrx_word' id='word_1_123' title='bbox 683 2181 864 2254; x_wconf 93' lang='lat' dir='ltr'>hominum,</span> <span class='ocrx_word' id='word_1_124' title='bbox 888 2182 944 2264; x_wconf 91' lang='lat' dir='ltr'>qui</span> <span class='ocrx_word' id='word_1_125' title='bbox 967 2181 1133 2254; x_wconf 84' lang='lat' dir='ltr'>dixerunt,</span> <span class='ocrx_word' id='word_1_126' title='bbox 1157 2180 1399 2246; x_wconf 91' lang='lat' dir='ltr'>‘Ecclesiastici</span> <span class='ocrx_word' id='word_1_127' title='bbox 1422 2183 1598 2245; x_wconf 90' lang='lat' dir='ltr'>destruunt</span> <span class='ocrx_word' id='word_1_128' title='bbox 1620 2199 1691 2255; x_wconf 90' lang='lat' dir='ltr'>nos,</span> 
     </span>
     <span class='ocr_line' id='line_1_16' title="bbox 337 2301 1691 2385; baseline 0 -21"><span class='ocrx_word' id='word_1_129' title='bbox 337 2303 393 2384; x_wconf 93' lang='lat' dir='ltr'>qui</span> <span class='ocrx_word' id='word_1_130' title='bbox 416 2303 512 2366; x_wconf 92' lang='lat' dir='ltr'>bonis</span> <span class='ocrx_word' id='word_1_131' title='bbox 535 2304 602 2366; x_wconf 89' lang='lat' dir='ltr'>suis</span> <span class='ocrx_word' id='word_1_132' title='bbox 628 2303 720 2367; x_wconf 90' lang='lat' dir='ltr'>laute</span> <span class='ocrx_word' id='word_1_133' title='bbox 741 2303 864 2380; x_wconf 91' lang='lat' dir='ltr'>vivunt,</span> <span class='ocrx_word' id='word_1_134' title='bbox 887 2312 921 2364; x_wconf 94' lang='lat' dir='ltr'>et</span> <span class='ocrx_word' id='word_1_135' title='bbox 948 2322 1008 2364; x_wconf 90' lang='lat' dir='ltr'>nos</span> <span class='ocrx_word' id='word_1_136' title='bbox 1033 2301 1144 2364; x_wconf 89' lang='lat' dir='ltr'>inedia</span> <span class='ocrx_word' id='word_1_137' title='bbox 1167 2302 1322 2384; x_wconf 75' lang='lat' dir='ltr'>perimuS,</span> <span class='ocrx_word' id='word_1_138' title='bbox 1346 2312 1379 2366; x_wconf 91' lang='lat' dir='ltr'>et</span> <span class='ocrx_word' id='word_1_139' title='bbox 1402 2323 1514 2385; x_wconf 90' lang='lat' dir='ltr'>regem</span> <span class='ocrx_word' id='word_1_140' title='bbox 1537 2301 1691 2366; x_wconf 88' lang='lat' dir='ltr'>destrux-</span> 
     </span>
     <span class='ocr_line' id='line_1_17' title="bbox 337 2421 1690 2507; baseline -0.001 -21"><span class='ocrx_word' id='word_1_141' title='bbox 337 2431 433 2486; x_wconf 89' lang='lat' dir='ltr'>erunt</span> <span class='ocrx_word' id='word_1_142' title='bbox 461 2424 514 2486; x_wconf 91' lang='lat' dir='ltr'>vel</span> <span class='ocrx_word' id='word_1_143' title='bbox 543 2423 713 2487; x_wconf 88' lang='lat' dir='ltr'>adulando</span> <span class='ocrx_word' id='word_1_144' title='bbox 745 2423 799 2486; x_wconf 91' lang='lat' dir='ltr'>vel</span> <span class='ocrx_word' id='word_1_145' title='bbox 833 2421 996 2486; x_wconf 70' lang='lat' dir='ltr'>tacendo?</span> <span class='ocrx_word' id='word_1_146' title='bbox 1051 2421 1136 2486; x_wconf 87' lang='lat' dir='ltr'>Haec</span> <span class='ocrx_word' id='word_1_147' title='bbox 1165 2431 1235 2487; x_wconf 89' lang='lat' dir='ltr'>erat</span> <span class='ocrx_word' id='word_1_148' title='bbox 1264 2444 1332 2486; x_wconf 89' lang='lat' dir='ltr'>vox</span> <span class='ocrx_word' id='word_1_149' title='bbox 1363 2424 1517 2507; x_wconf 92' lang='lat' dir='ltr'>puplica;</span> <span class='ocrx_word' id='word_1_150' title='bbox 1550 2433 1584 2488; x_wconf 91' lang='lat' dir='ltr'>et</span> <span class='ocrx_word' id='word_1_151' title='bbox 1619 2423 1690 2485; x_wconf 88' lang='lat' dir='ltr'>dux</span> 
     </span>
     <span class='ocr_line' id='line_1_18' title="bbox 337 2540 1691 2626; baseline 0 -19"><span class='ocrx_word' id='word_1_152' title='bbox 337 2541 513 2622; x_wconf 85' lang='lat' dir='ltr'>Sufsolciae,</span> <span class='ocrx_word' id='word_1_153' title='bbox 545 2553 578 2607; x_wconf 94' lang='lat' dir='ltr'>et</span> <span class='ocrx_word' id='word_1_154' title='bbox 608 2544 782 2626; x_wconf 91' lang='lat' dir='ltr'>episcopus</span> <span class='ocrx_word' id='word_1_155' title='bbox 806 2542 934 2620; x_wconf 88' lang='lat' dir='ltr'>Sarum,</span> <span class='ocrx_word' id='word_1_156' title='bbox 958 2540 1065 2619; x_wconf 88' lang='lat' dir='ltr'>Asku,</span> <span class='ocrx_word' id='word_1_157' title='bbox 1092 2551 1126 2606; x_wconf 90' lang='lat' dir='ltr'>et</span> <span class='ocrx_word' id='word_1_158' title='bbox 1148 2542 1293 2623; x_wconf 92' lang='lat' dir='ltr'>Jacobus</span> <span class='ocrx_word' id='word_1_159' title='bbox 1320 2545 1444 2626; x_wconf 91' lang='lat' dir='ltr'>Fynys,</span> <span class='ocrx_word' id='word_1_160' title='bbox 1468 2545 1621 2608; x_wconf 89' lang='lat' dir='ltr'>dominus</span> <span class='ocrx_word' id='word_1_161' title='bbox 1648 2545 1691 2607; x_wconf 89' lang='lat' dir='ltr'>de</span> 
     </span>
     <span class='ocr_line' id='line_1_19' title="bbox 339 2661 1691 2747; baseline 0 -21"><span class='ocrx_word' id='word_1_162' title='bbox 339 2661 418 2745; x_wconf 88' lang='lat' dir='ltr'>Say,</span> <span class='ocrx_word' id='word_1_163' title='bbox 446 2665 544 2728; x_wconf 90' lang='lat' dir='ltr'>occisi</span> <span class='ocrx_word' id='word_1_164' title='bbox 575 2664 706 2727; x_wconf 83' lang='lat' dir='ltr'>fuerunt</span> <span class='ocrx_word' id='word_1_165' title='bbox 732 2684 791 2746; x_wconf 88' lang='lat' dir='ltr'>per</span> <span class='ocrx_word' id='word_1_166' title='bbox 820 2664 1094 2728; x_wconf 90' lang='lat' dir='ltr'>communitatem</span> <span class='ocrx_word' id='word_1_167' title='bbox 1124 2683 1213 2726; x_wconf 89' lang='lat' dir='ltr'>anno</span> <span class='ocrx_word' id='word_1_168' title='bbox 1240 2664 1377 2727; x_wconf 92' lang='lat' dir='ltr'>Domini</span> <span class='ocrx_word' id='word_1_169' title='bbox 1407 2679 1509 2746; x_wconf 82' lang='lat'>14503</span> <span class='ocrx_word' id='word_1_170' title='bbox 1544 2676 1578 2730; x_wconf 91' lang='lat' dir='ltr'>et</span> <span class='ocrx_word' id='word_1_171' title='bbox 1608 2685 1691 2747; x_wconf 86' lang='lat' dir='ltr'>prae-</span> 
     </span>
     <span class='ocr_line' id='line_1_20' title="bbox 337 2783 1692 2867; baseline 0.001 -21"><span class='ocrx_word' id='word_1_172' title='bbox 337 2784 445 2846; x_wconf 92' lang='lat' dir='ltr'>dictus</span> <span class='ocrx_word' id='word_1_173' title='bbox 470 2785 654 2867; x_wconf 92' lang='lat' dir='ltr'>episcopus,</span> <span class='ocrx_word' id='word_1_174' title='bbox 678 2796 712 2849; x_wconf 92' lang='lat' dir='ltr'>et</span> <span class='ocrx_word' id='word_1_175' title='bbox 739 2785 893 2847; x_wconf 93' lang='lat' dir='ltr'>dominus</span> <span class='ocrx_word' id='word_1_176' title='bbox 919 2783 1097 2865; x_wconf 84' lang='lat' dir='ltr'>praedictus</span> <span class='ocrx_word' id='word_1_177' title='bbox 1122 2783 1301 2863; x_wconf 91' lang='lat' dir='ltr'>Johannes‚</span> <span class='ocrx_word' id='word_1_178' title='bbox 1327 2785 1459 2849; x_wconf 83' lang='lat' dir='ltr'>suerunt</span> <span class='ocrx_word' id='word_1_179' title='bbox 1485 2786 1582 2849; x_wconf 90' lang='lat' dir='ltr'>occisi</span> <span class='ocrx_word' id='word_1_180' title='bbox 1609 2784 1692 2847; x_wconf 82' lang='lat' dir='ltr'>inira</span> 
     </span>
     <span class='ocr_line' id='line_1_21' title="bbox 338 2904 1691 2988; baseline 0.002 -22"><span class='ocrx_word' id='word_1_181' title='bbox 338 2924 438 2967; x_wconf 91' lang='lat' dir='ltr'>unam</span> <span class='ocrx_word' id='word_1_182' title='bbox 464 2907 694 2987; x_wconf 90' lang='lat' dir='ltr'>septimanam,</span> <span class='ocrx_word' id='word_1_183' title='bbox 718 2908 892 2988; x_wconf 90' lang='lat' dir='ltr'>episcopus</span> <span class='ocrx_word' id='word_1_184' title='bbox 919 2906 952 2966; x_wconf 93' lang='lat' dir='ltr'>in</span> <span class='ocrx_word' id='word_1_185' title='bbox 977 2904 1032 2966; x_wconf 86' lang='lat' dir='ltr'>die</span> <span class='ocrx_word' id='word_1_186' title='bbox 1058 2916 1248 2968; x_wconf 92' lang='lat' dir='ltr'>sanctorum</span> <span class='ocrx_word' id='word_1_187' title='bbox 1272 2905 1514 2988; x_wconf 89' lang='lat' dir='ltr'>Apostolorum</span> <span class='ocrx_word' id='word_1_188' title='bbox 1544 2907 1630 2971; x_wconf 90' lang='lat' dir='ltr'>Petri</span> <span class='ocrx_word' id='word_1_189' title='bbox 1657 2917 1691 2969; x_wconf 92' lang='lat' dir='ltr'>et</span> 
     </span>
     <span class='ocr_line' id='line_1_22' title="bbox 339 3025 1690 3106; baseline 0.001 -19"><span class='ocrx_word' id='word_1_190' title='bbox 339 3025 441 3100; x_wconf 89' lang='lat' dir='ltr'>Pauli,</span> <span class='ocrx_word' id='word_1_191' title='bbox 469 3047 512 3090; x_wconf 92' lang='lat' dir='ltr'>sc.</span> <span class='ocrx_word' id='word_1_192' title='bbox 535 3027 616 3090; x_wconf 86' lang='lat' dir='ltr'>seria</span> <span class='ocrx_word' id='word_1_193' title='bbox 641 3036 682 3105; x_wconf 74' lang='lat'>2⁵,</span> <span class='ocrx_word' id='word_1_194' title='bbox 705 3028 830 3091; x_wconf 90' lang='lat' dir='ltr'>occisus</span> <span class='ocrx_word' id='word_1_195' title='bbox 857 3026 927 3104; x_wconf 87' lang='lat' dir='ltr'>suit,</span> <span class='ocrx_word' id='word_1_196' title='bbox 953 3035 987 3087; x_wconf 93' lang='lat' dir='ltr'>et</span> <span class='ocrx_word' id='word_1_197' title='bbox 1014 3025 1167 3088; x_wconf 91' lang='lat' dir='ltr'>dominus</span> <span class='ocrx_word' id='word_1_198' title='bbox 1192 3025 1337 3106; x_wconf 90' lang='lat' dir='ltr'>Jacobus</span> <span class='ocrx_word' id='word_1_199' title='bbox 1364 3027 1425 3090; x_wconf 80' lang='lat' dir='ltr'>suit</span> <span class='ocrx_word' id='word_1_200' title='bbox 1451 3028 1577 3092; x_wconf 90' lang='lat' dir='ltr'>occisus</span> <span class='ocrx_word' id='word_1_201' title='bbox 1601 3028 1690 3090; x_wconf 91' lang='lat' dir='ltr'>Lon-</span> 
     </span>
     <span class='ocr_line' id='line_1_23' title="bbox 337 3145 1691 3232; baseline 0.002 -24"><span class='ocrx_word' id='word_1_202' title='bbox 337 3147 445 3210; x_wconf 92' lang='lat' dir='ltr'>doniis</span> <span class='ocrx_word' id='word_1_203' title='bbox 467 3149 621 3228; x_wconf 88' lang='lat' dir='ltr'>proximo</span> <span class='ocrx_word' id='word_1_204' title='bbox 643 3148 804 3224; x_wconf 84' lang='lat' dir='ltr'>sabbat03</span> <span class='ocrx_word' id='word_1_205' title='bbox 828 3157 861 3210; x_wconf 95' lang='lat' dir='ltr'>et</span> <span class='ocrx_word' id='word_1_206' title='bbox 883 3147 1024 3209; x_wconf 89' lang='lat' dir='ltr'>durante</span> <span class='ocrx_word' id='word_1_207' title='bbox 1044 3145 1266 3211; x_wconf 90' lang='lat' dir='ltr'>Parliamento</span> <span class='ocrx_word' id='word_1_208' title='bbox 1288 3148 1489 3232; x_wconf 89' lang='lat' dir='ltr'>Laycestriae</span> <span class='ocrx_word' id='word_1_209' title='bbox 1512 3149 1691 3211; x_wconf 88' lang='lat' dir='ltr'>insurrexit</span> 
     </span>
     <span class='ocr_line' id='line_1_24' title="bbox 337 3267 1690 3352; baseline 0.001 -22"><span class='ocrx_word' id='word_1_210' title='bbox 337 3269 476 3330; x_wconf 90' lang='lat' dir='ltr'>comitas</span> <span class='ocrx_word' id='word_1_211' title='bbox 492 3268 640 3346; x_wconf 80' lang='lat' dir='ltr'>Kanciae,</span> <span class='ocrx_word' id='word_1_212' title='bbox 663 3277 697 3331; x_wconf 92' lang='lat' dir='ltr'>et</span> <span class='ocrx_word' id='word_1_213' title='bbox 716 3268 880 3332; x_wconf 85' lang='lat' dir='ltr'>vocabant</span> <span class='ocrx_word' id='word_1_214' title='bbox 901 3269 1026 3349; x_wconf 91' lang='lat' dir='ltr'>seipsos</span> <span class='ocrx_word' id='word_1_215' title='bbox 1045 3267 1195 3349; x_wconf 91' lang='lat' dir='ltr'>puplicos</span> <span class='ocrx_word' id='word_1_216' title='bbox 1211 3270 1370 3350; x_wconf 86' lang='lat' dir='ltr'>petitores</span> <span class='ocrx_word' id='word_1_217' title='bbox 1389 3270 1530 3352; x_wconf 61' lang='lat' dir='ltr'>puplicae</span> <span class='ocrx_word' id='word_1_218' title='bbox 1548 3269 1690 3351; x_wconf 86' lang='lat' dir='ltr'>justiciae</span> 
     </span>
     <span class='ocr_line' id='line_1_25' title="bbox 338 3387 1691 3473; baseline 0.003 -25"><span class='ocrx_word' id='word_1_219' title='bbox 338 3387 465 3466; x_wconf 85' lang='lat' dir='ltr'>fiendae,</span> <span class='ocrx_word' id='word_1_220' title='bbox 482 3397 514 3452; x_wconf 92' lang='lat' dir='ltr'>et</span> <span class='ocrx_word' id='word_1_221' title='bbox 534 3390 675 3472; x_wconf 68' lang='lat' dir='ltr'>propriae</span> <span class='ocrx_word' id='word_1_222' title='bbox 696 3409 763 3452; x_wconf 84' lang='lat' dir='ltr'>suae</span> <span class='ocrx_word' id='word_1_223' title='bbox 780 3388 904 3471; x_wconf 88' lang='lat' dir='ltr'>injuriae</span> <span class='ocrx_word' id='word_1_224' title='bbox 924 3399 956 3452; x_wconf 91' lang='lat' dir='ltr'>et</span> <span class='ocrx_word' id='word_1_225' title='bbox 973 3389 1063 3470; x_wconf 90' lang='lat' dir='ltr'>regni</span> <span class='ocrx_word' id='word_1_226' title='bbox 1085 3399 1279 3466; x_wconf 89' lang='lat' dir='ltr'>ostensores,</span> <span class='ocrx_word' id='word_1_227' title='bbox 1297 3401 1330 3454; x_wconf 91' lang='lat' dir='ltr'>et</span> <span class='ocrx_word' id='word_1_228' title='bbox 1346 3392 1425 3472; x_wconf 91' lang='lat' dir='ltr'>ipsis</span> <span class='ocrx_word' id='word_1_229' title='bbox 1446 3391 1691 3473; x_wconf 88' lang='lat' dir='ltr'>insurgentibus</span> 
     </span>
     <span class='ocr_line' id='line_1_26' title="bbox 337 3508 1690 3591; baseline 0.002 -21"><span class='ocrx_word' id='word_1_230' title='bbox 337 3508 591 3590; x_wconf 87' lang='lat' dir='ltr'>parliamentum</span> <span class='ocrx_word' id='word_1_231' title='bbox 615 3509 695 3572; x_wconf 93' lang='lat' dir='ltr'>illud</span> <span class='ocrx_word' id='word_1_232' title='bbox 719 3509 849 3573; x_wconf 86' lang='lat' dir='ltr'>finitum</span> <span class='ocrx_word' id='word_1_233' title='bbox 872 3509 942 3584; x_wconf 90' lang='lat' dir='ltr'>suit,</span> <span class='ocrx_word' id='word_1_234' title='bbox 968 3510 1057 3591; x_wconf 92' lang='lat' dir='ltr'>quod</span> <span class='ocrx_word' id='word_1_235' title='bbox 1080 3511 1136 3572; x_wconf 93' lang='lat' dir='ltr'>diu</span> <span class='ocrx_word' id='word_1_236' title='bbox 1159 3511 1387 3574; x_wconf 90' lang='lat' dir='ltr'>continuatum</span> <span class='ocrx_word' id='word_1_237' title='bbox 1411 3521 1482 3576; x_wconf 90' lang='lat' dir='ltr'>erat</span> <span class='ocrx_word' id='word_1_238' title='bbox 1506 3512 1690 3576; x_wconf 91' lang='lat' dir='ltr'>Londoniis</span> 
     </span>
     <span class='ocr_line' id='line_1_27' title="bbox 338 3629 1690 3712; baseline 0.002 -20"><span class='ocrx_word' id='word_1_239' title='bbox 338 3639 372 3692; x_wconf 91' lang='lat' dir='ltr'>et</span> <span class='ocrx_word' id='word_1_240' title='bbox 395 3629 606 3712; x_wconf 85' lang='lat' dir='ltr'>Laycestriae,</span> <span class='ocrx_word' id='word_1_241' title='bbox 622 3639 659 3693; x_wconf 92' lang='lat' dir='ltr'>ut</span> <span class='ocrx_word' id='word_1_242' title='bbox 682 3629 903 3694; x_wconf 89' lang='lat' dir='ltr'>communitas</span> <span class='ocrx_word' id='word_1_243' title='bbox 925 3639 1106 3712; x_wconf 88' lang='lat' dir='ltr'>aggravata</span> <span class='ocrx_word' id='word_1_244' title='bbox 1129 3633 1285 3712; x_wconf 89' lang='lat' dir='ltr'>expensis</span> <span class='ocrx_word' id='word_1_245' title='bbox 1308 3641 1342 3696; x_wconf 88' lang='lat' dir='ltr'>et</span> <span class='ocrx_word' id='word_1_246' title='bbox 1365 3631 1532 3696; x_wconf 88' lang='lat' dir='ltr'>laboribus</span> <span class='ocrx_word' id='word_1_247' title='bbox 1554 3653 1690 3696; x_wconf 92' lang='lat' dir='ltr'>consen·</span> 
     </span>
     <span class='ocr_line' id='line_1_28' title="bbox 337 3751 1691 3836; baseline 0.003 -24"><span class='ocrx_word' id='word_1_248' title='bbox 337 3751 414 3813; x_wconf 92' lang='lat' dir='ltr'>tiret</span> <span class='ocrx_word' id='word_1_249' title='bbox 437 3751 534 3814; x_wconf 88' lang='lat' dir='ltr'>certis</span> <span class='ocrx_word' id='word_1_250' title='bbox 555 3751 772 3833; x_wconf 91' lang='lat' dir='ltr'>peticionibus</span> <span class='ocrx_word' id='word_1_251' title='bbox 795 3751 888 3832; x_wconf 88' lang='lat' dir='ltr'>regis,</span> <span class='ocrx_word' id='word_1_252' title='bbox 912 3761 945 3814; x_wconf 91' lang='lat' dir='ltr'>et</span> <span class='ocrx_word' id='word_1_253' title='bbox 969 3752 1066 3815; x_wconf 91' lang='lat' dir='ltr'>certis</span> <span class='ocrx_word' id='word_1_254' title='bbox 1089 3752 1186 3830; x_wconf 88' lang='lat' dir='ltr'>taxis,</span> <span class='ocrx_word' id='word_1_255' title='bbox 1203 3773 1286 3834; x_wconf 90' lang='lat' dir='ltr'>quas</span> <span class='ocrx_word' id='word_1_256' title='bbox 1307 3755 1426 3836; x_wconf 86' lang='lat' dir='ltr'>peciit3</span> <span class='ocrx_word' id='word_1_257' title='bbox 1453 3754 1511 3817; x_wconf 90' lang='lat' dir='ltr'>sed</span> <span class='ocrx_word' id='word_1_258' title='bbox 1535 3773 1691 3817; x_wconf 87' lang='lat' dir='ltr'>concessa</span> 
     </span>
     <span class='ocr_line' id='line_1_29' title="bbox 338 3870 1690 3956; baseline 0.004 -24"><span class='ocrx_word' id='word_1_259' title='bbox 338 3889 405 3932; x_wconf 93' lang='lat' dir='ltr'>non</span> <span class='ocrx_word' id='word_1_260' title='bbox 435 3870 567 3934; x_wconf 86' lang='lat' dir='ltr'>suemnt</span> <span class='ocrx_word' id='word_1_261' title='bbox 594 3892 669 3952; x_wconf 85' lang='lat' dir='ltr'>quae</span> <span class='ocrx_word' id='word_1_262' title='bbox 698 3872 804 3953; x_wconf 91' lang='lat' dir='ltr'>petita</span> <span class='ocrx_word' id='word_1_263' title='bbox 831 3881 924 3934; x_wconf 92' lang='lat' dir='ltr'>erant</span> <span class='ocrx_word' id='word_1_264' title='bbox 951 3893 971 3935; x_wconf 93' lang='lat' dir='ltr'>a</span> <span class='ocrx_word' id='word_1_265' title='bbox 1001 3893 1087 3953; x_wconf 89' lang='lat' dir='ltr'>rege,</span> <span class='ocrx_word' id='word_1_266' title='bbox 1115 3873 1241 3936; x_wconf 91' lang='lat' dir='ltr'>dictum</span> <span class='ocrx_word' id='word_1_267' title='bbox 1272 3876 1360 3936; x_wconf 95' lang='lat' dir='ltr'>enim</span> <span class='ocrx_word' id='word_1_268' title='bbox 1390 3873 1452 3938; x_wconf 86' lang='lat' dir='ltr'>suit</span> <span class='ocrx_word' id='word_1_269' title='bbox 1482 3875 1515 3936; x_wconf 93' lang='lat' dir='ltr'>in</span> <span class='ocrx_word' id='word_1_270' title='bbox 1548 3873 1690 3956; x_wconf 89' lang='lat' dir='ltr'>puplic0,</span> 
     </span>
    </p>
   </div>
   <div class='ocr_carea' id='block_1_3' title="bbox 337 3991 1691 4078">
    <p class='ocr_par' dir='ltr' id='par_1_3' title="bbox 337 3991 1691 4078">
     <span class='ocr_line' id='line_1_30' title="bbox 337 3991 1691 4078; baseline 0.004 -25"><span class='ocrx_word' id='word_1_271' title='bbox 337 3991 437 4072; x_wconf 91' lang='lat' dir='ltr'>quod,</span> <span class='ocrx_word' id='word_1_272' title='bbox 461 3992 522 4054; x_wconf 91' lang='lat' dir='ltr'>nisi</span> <span class='ocrx_word' id='word_1_273' title='bbox 550 3994 772 4056; x_wconf 88' lang='lat' dir='ltr'>communitas</span> <span class='ocrx_word' id='word_1_274' title='bbox 798 3991 934 4073; x_wconf 83' lang='lat' dir='ltr'>Angliae</span> <span class='ocrx_word' id='word_1_275' title='bbox 957 3993 1102 4056; x_wconf 87' lang='lat' dir='ltr'>articulis</span> <span class='ocrx_word' id='word_1_276' title='bbox 1131 3995 1308 4076; x_wconf 91' lang='lat' dir='ltr'>propositis</span> <span class='ocrx_word' id='word_1_277' title='bbox 1339 3996 1548 4070; x_wconf 91' lang='lat' dir='ltr'>consentiret,</span> <span class='ocrx_word' id='word_1_278' title='bbox 1572 3994 1691 4078; x_wconf 86' lang='lat' dir='ltr'>parlia-</span> 
     </span>
    </p>
   </div>
   <div class='ocr_carea' id='block_1_4' title="bbox 337 4112 1691 4318">
    <p class='ocr_par' dir='ltr' id='par_1_4' title="bbox 337 4112 1691 4318">
     <span class='ocr_line' id='line_1_31' title="bbox 338 4112 1691 4199; baseline 0.003 -25"><span class='ocrx_word' id='word_1_279' title='bbox 338 4122 487 4175; x_wconf 89' lang='lat' dir='ltr'>mentum</span> <span class='ocrx_word' id='word_1_280' title='bbox 514 4133 580 4176; x_wconf 93' lang='lat' dir='ltr'>non</span> <span class='ocrx_word' id='word_1_281' title='bbox 604 4112 770 4190; x_wconf 88' lang='lat' dir='ltr'>fineretur,</span> <span class='ocrx_word' id='word_1_282' title='bbox 790 4125 824 4178; x_wconf 91' lang='lat' dir='ltr'>ct</span> <span class='ocrx_word' id='word_1_283' title='bbox 850 4113 961 4195; x_wconf 90' lang='lat' dir='ltr'>plures</span> <span class='ocrx_word' id='word_1_284' title='bbox 988 4115 1094 4178; x_wconf 91' lang='lat' dir='ltr'>minas</span> <span class='ocrx_word' id='word_1_285' title='bbox 1120 4125 1154 4178; x_wconf 91' lang='lat' dir='ltr'>et</span> <span class='ocrx_word' id='word_1_286' title='bbox 1176 4137 1196 4179; x_wconf 93' lang='lat' dir='ltr'>a</span> <span class='ocrx_word' id='word_1_287' title='bbox 1219 4136 1296 4198; x_wconf 89' lang='lat' dir='ltr'>rege</span> <span class='ocrx_word' id='word_1_288' title='bbox 1323 4126 1357 4180; x_wconf 92' lang='lat' dir='ltr'>et</span> <span class='ocrx_word' id='word_1_289' title='bbox 1384 4137 1404 4180; x_wconf 90' lang='lat' dir='ltr'>a</span> <span class='ocrx_word' id='word_1_290' title='bbox 1427 4117 1493 4180; x_wconf 93' lang='lat' dir='ltr'>suis</span> <span class='ocrx_word' id='word_1_291' title='bbox 1514 4116 1691 4199; x_wconf 84' lang='lat' dir='ltr'>juvenibus</span> 
     </span>
     <span class='ocr_line' id='line_1_32' title="bbox 337 4233 1690 4318; baseline 0.003 -22"><span class='ocrx_word' id='word_1_292' title='bbox 337 4233 528 4296; x_wconf 87' lang='lat' dir='ltr'>consiliariis</span> <span class='ocrx_word' id='word_1_293' title='bbox 558 4234 712 4298; x_wconf 90' lang='lat' dir='ltr'>sustinuit</span> <span class='ocrx_word' id='word_1_294' title='bbox 742 4236 963 4299; x_wconf 91' lang='lat' dir='ltr'>communitas</span> <span class='ocrx_word' id='word_1_295' title='bbox 993 4235 1088 4300; x_wconf 92' lang='lat' dir='ltr'>istius</span> <span class='ocrx_word' id='word_1_296' title='bbox 1117 4237 1335 4318; x_wconf 90' lang='lat' dir='ltr'>parliamenti.</span> <span class='ocrx_word' id='word_1_297' title='bbox 1389 4237 1434 4302; x_wconf 91' lang='lat' dir='ltr'>Et</span> <span class='ocrx_word' id='word_1_298' title='bbox 1464 4239 1497 4301; x_wconf 94' lang='lat' dir='ltr'>in</span> <span class='ocrx_word' id='word_1_299' title='bbox 1523 4238 1690 4302; x_wconf 89' lang='lat' dir='ltr'>mandatis</span> 
     </span>
    </p>
   </div>
   <div class='ocr_carea' id='block_1_5' title="bbox 0 0 2167 4936">
    <p class='ocr_par' dir='ltr' id='par_1_5' title="bbox 0 0 2167 4936">
     <span class='ocr_line' id='line_1_33' title="bbox 0 0 2167 4936; baseline 0 0"><span class='ocrx_word' id='word_1_300' title='bbox 0 0 2167 4936; x_wconf 95' lang='lat' dir='ltr'> </span> 
     </span>
    </p>
   </div>
  </div>
 </body>
</html>
