4308 4938
715 385 814 441 LOCI
839 384 868 438 E
897 383 1021 438 LIBRO
1057 381 1314 441 VERITATUM.
1442 406 1446 418 x
1649 393 1690 461 93

341 595 447 681 prima
466 599 509 665 ad
530 598 726 666 Corintheos
747 598 792 678 8⁰,
808 600 950 676 ‘Videte
971 621 1012 664 ne
1034 599 1118 664 ione
1133 600 1204 664 haec
1225 598 1361 664 licencia
1379 609 1497 680 vestra,
1517 621 1561 665 sc.
1582 620 1692 665 come-

341 719 442 784 dendi
466 741 589 799 carnes,
609 721 845 786 offendiculum
868 720 927 786 fiat
947 719 1101 798 infirmis,’
1122 719 1142 783 i.
1153 741 1180 784 e.
1199 719 1311 786 videte
1332 741 1373 784 ne
1396 721 1532 800 licencia
1551 721 1594 785 sit
1616 719 1692 784 talis

342 841 430 905 unde
456 841 511 906 alii
537 841 754 921 offendantur,
776 841 796 906 i.
807 863 835 907 e.
857 843 901 906 ad
924 849 1096 925 peccatum
1121 849 1334 919 moveantur3
1364 850 1399 905 et
1419 840 1531 906 videte
1553 861 1595 904 ne
1620 840 1693 906 haec

342 960 478 1026 licencia
500 963 542 1026 sit
563 983 662 1027 causa
683 961 736 1027 vel
757 962 887 1027 occasio
909 961 998 1026 unde
1020 960 1108 1024 mala
1130 973 1164 1025 et
1186 972 1323 1043 peccata
1346 961 1501 1039 oriantur,
1524 960 1577 1026 vel
1604 962 1693 1026 unde

342 1082 431 1145 bona
450 1081 615 1161 deficiant,
631 1105 688 1147 seu
709 1082 931 1148 destruantur.
975 1081 1064 1146 Novi
1085 1081 1173 1145 enim
1194 1101 1349 1165 magnam
1370 1102 1483 1147 curam
1504 1083 1537 1146 in
1558 1081 1695 1147 ecclesia

343 1201 521 1286 parochiali
560 1203 693 1280 destrui,
728 1203 893 1286 eoquod
929 1201 1141 1286 appropriata
1178 1212 1230 1268 est
1270 1223 1345 1266 unae
1381 1223 1511 1286 magnae
1548 1201 1695 1268 ecclesiae

344 1321 534 1401 cathedrali,
564 1344 640 1406 quae
673 1345 734 1406 pro
763 1323 822 1387 illa
850 1321 1124 1407 appropriacione
1153 1343 1220 1404 qua
1250 1343 1317 1386 non
1347 1322 1498 1406 indigent
1526 1321 1631 1388 semel
1661 1325 1695 1386 iri

343 1463 433 1507 anno
454 1443 563 1508 dicere
585 1453 717 1509 tenetur
738 1445 898 1528 exequias
923 1463 984 1527 pro
1006 1443 1119 1506 anima
1144 1442 1248 1520 unius,
1271 1443 1349 1526 quia
1374 1463 1468 1507 curas
1494 1443 1603 1526 plures
1625 1444 1696 1508 ani-

345 1583 473 1628 marum
503 1565 677 1644 destruxit,
706 1573 741 1629 et
770 1564 838 1628 lere
867 1565 958 1629 omni
987 1563 1042 1628 die
1074 1583 1133 1646 per
1166 1562 1278 1646 plures
1307 1584 1412 1628 annos
1444 1573 1521 1629 ante
1554 1573 1695 1629 mortem

345 1705 440 1748 suam
460 1684 568 1748 ebrius
582 1684 654 1748 suit.
698 1683 827 1749 ‘Liberi
843 1683 922 1750 sacti
943 1684 1022 1750 estis
1038 1679 1194 1766 peccato‚’
1211 1683 1318 1766 inquit
1333 1681 1512 1767 apostolus,
1527 1685 1579 1750 ie.
1594 1685 1697 1750 libere

345 1813 380 1868 et
409 1804 480 1870 sine
509 1804 748 1889 impedimento
778 1805 922 1888 peccatis
952 1814 986 1868 et
1011 1803 1054 1868 ad
1081 1805 1357 1887 dampnacionem
1388 1805 1524 1884 curritis,
1548 1805 1697 1870 dicentes

346 1924 437 2004 salse,
460 1923 557 1990 ‘Non
578 1945 754 2008 peccamus
777 1927 856 2008 quia
877 1925 1049 1990 licenciam
1073 1925 1117 1989 ab
1140 1923 1275 1988 homine
1297 1925 1340 1988 ad
1364 1925 1488 1989 malum
1510 1925 1697 1991 laciendum

346 2043 526 2110 habemus!
571 2046 730 2130 Magnam
751 2046 840 2110 enim
860 2055 1061 2130 potestatem
1082 2045 1174 2110 dedit
1196 2045 1359 2109 Dominus
1379 2045 1501 2110 vicario
1520 2065 1581 2110 suo
1600 2067 1698 2129 papae

347 2166 503 2246 ecclesiae,
533 2176 570 2230 ut
604 2186 724 2250 magna
754 2165 843 2230 mala
876 2165 1077 2242 reformaret,
1105 2185 1261 2249 magnam
1288 2167 1378 2248 quod
1408 2163 1528 2232 laceret
1557 2167 1698 2232 aedifica·

348 2287 476 2352 cionem
496 2287 658 2352 bonorum
680 2297 823 2362 actuum,
840 2288 902 2351 sibi
918 2287 1031 2350 dicens
1051 2287 1160 2365 verba,
1175 2307 1250 2369 quae
1270 2286 1358 2350 dixit
1378 2287 1551 2369 Jeremiae:
1581 2287 1698 2352 ‘Posui

348 2405 401 2486 te,’
413 2407 519 2490 inquit
532 2407 707 2485 DominuS,
720 2411 774 2472 ‘ut
790 2407 919 2486 evellas,
931 2408 1090 2486 destruas,
1103 2416 1137 2471 et
1149 2407 1328 2490 disperdas,
1341 2416 1374 2470 et
1386 2407 1534 2490 dissipes,
1546 2409 1699 2488 aedifices,

349 2538 383 2592 et
403 2527 728 2612 plantes‚’-evellas,
746 2527 805 2593 ie.
823 2527 975 2592 docendo
999 2538 1032 2591 et
1055 2528 1247 2610 corrigendo
1268 2526 1388 2591 evellas
1411 2548 1533 2611 magna
1556 2537 1590 2593 et
1613 2531 1699 2593 radi·

349 2657 424 2712 cata
457 2657 491 2712 et
521 2659 678 2713 consueta
711 2657 863 2732 peccata,
889 2647 989 2730 longo
1022 2669 1083 2711 usu
1116 2648 1326 2726 continuata3
1363 2647 1513 2712 destruas
1543 2668 1636 2728 nova,
1667 2659 1700 2714 et
1746 2642 1747 2646 ¹

351 2769 478 2832 minora
494 2769 599 2846 mala3
623 2768 753 2851 plantes
768 2769 914 2846 virtutes,
927 2767 1077 2832 docendo
1096 2777 1130 2832 et
1144 2768 1358 2846 ostendendo,
1370 2768 1507 2832 verbum
1523 2769 1587 2833 Dei
1602 2769 1701 2834 semi·

351 2889 480 2967 nando;
510 2888 654 2952 aedifices
683 2887 739 2952 illa
764 2889 853 2952 bona
879 2888 1054 2952 nutriendo
1085 2897 1119 2951 et
1144 2887 1344 2971 perficiendo
1377 2889 1542 2972 exemplo,
1565 2890 1700 2967 auxilio,

352 3017 385 3073 et
400 3029 490 3092 saepe
504 3009 640 3072 verbum
656 3009 720 3073 Dei
736 3009 901 3073 mentibus
920 3008 1130 3073 audiencium
1146 3007 1346 3092 ingerendo;
1370 3007 1462 3072 cibus
1477 3009 1566 3073 enim
1582 3031 1701 3093 parvus

351 3127 609 3212 perceptibiliter
634 3148 751 3213 corpus
777 3148 844 3192 non
871 3129 982 3207 nutrit,
1006 3148 1066 3192 nec
1092 3128 1230 3192 verbum
1256 3128 1341 3192 sorte
1366 3127 1510 3210 aliquem
1540 3129 1567 3192 si
1597 3132 1701 3194 semel

351 3248 542 3332 proseratur,
561 3249 619 3312 sed
643 3249 768 3314 sicum
789 3249 957 3332 paciencia
979 3268 1069 3330 saepe
1091 3248 1281 3330 proseratur,
1299 3268 1340 3311 ne
1362 3249 1518 3312 oblivioni
1542 3251 1701 3314 tradatur.

286 3395 287 3398 ¹
354 3369 445 3435 Olim
471 3369 559 3433 enim
581 3369 614 3433 in
638 3380 788 3452 tempore
809 3369 914 3434 sancti
936 3368 1080 3434 doctoris
1102 3368 1283 3451 Augustini
1305 3389 1453 3433 recursus
1475 3389 1615 3452 magnus
1639 3371 1703 3435 suit

355 3490 454 3573 Papae
478 3489 640 3566 Roman0,
661 3491 703 3555 ad
728 3491 941 3594 quaerendum
964 3491 1008 3554 ab
1029 3511 1070 3554 eo
1093 3501 1127 3554 et
1149 3511 1170 3553 a
1187 3491 1374 3555 scientificis
1396 3491 1426 3554 ei
1446 3491 1639 3569 astantibus
1659 3514 1703 3556 an

355 3611 467 3676 liceret
487 3611 543 3688 sic,
564 3611 617 3675 vel
636 3633 655 3676 e
673 3612 835 3676 contrario
859 3611 958 3678 modo
977 3611 1094 3676 iacere.
1140 3611 1257 3676 Pocius
1280 3611 1368 3675 enim
1388 3610 1451 3675 hoc
1472 3611 1663 3693 quaerebant
1684 3634 1705 3676 a

356 3733 447 3816 Papa
462 3753 505 3796 an
520 3733 644 3816 aliquid
660 3733 779 3814 liceret,
795 3754 895 3816 quam
911 3743 949 3797 ut
964 3732 1085 3810 liceret,
1102 3741 1139 3796 ut
1154 3741 1296 3798 testatur
1312 3731 1453 3796 Sanctus
1470 3731 1655 3795 Bernardus
1672 3733 1705 3794 in

357 3853 509 3937 Epistola
524 3855 566 3919 ad
584 3853 767 3919 Robertum
783 3853 1034 3918 Cluniacensem
1056 3852 1265 3917 monachum.
1313 3851 1470 3916 Sciebant
1491 3852 1579 3915 enim
1599 3852 1705 3918 sancti

356 3985 468 4058 patres
488 3977 578 4059 quod
598 3975 806 4060 dispensacio
826 3997 883 4040 seu
906 3975 1095 4040 licenciacio
1116 3974 1263 4038 humana
1285 3994 1351 4037 non
1373 3974 1519 4038 causavit
1538 3982 1650 4038 actum
1672 3974 1707 4037 in

357 4117 487 4169 ecesse
510 4097 634 4161 bonum
658 4117 717 4160 nec
741 4096 875 4160 malum.
920 4095 982 4161 Est
1005 4096 1093 4160 enim
1120 4095 1225 4159 bonus
1247 4104 1340 4158 actus
1367 4115 1410 4157 ex
1438 4104 1553 4158 natura
1575 4095 1707 4178 propria

357 4227 452 4282 actus
478 4219 644 4283 tendentis
671 4219 704 4283 in
731 4216 899 4300 objectum
925 4239 1020 4282 suurn
1044 4216 1203 4292 debitum,
1227 4227 1261 4280 et
1286 4216 1373 4280 actui
1401 4215 1607 4293 conveniens,
1631 4234 1706 4280 cum
