4378 4936
726 403 824 458 LOCI
850 403 879 454 E
908 403 1032 458 LIBRO
1067 404 1327 460 VERITATUM.
1663 415 1704 478 99

351 628 385 681 et
409 616 517 699 pudor
539 616 666 698 peccati
690 617 722 679 in
746 619 793 680 eis
815 637 880 680 non
902 627 963 682 est.
1020 616 1089 681 Sed
1111 618 1201 699 quod
1224 617 1379 682 abhorret
1402 617 1574 696 Dominus,
1593 615 1705 682 Ysaiae

351 743 386 820 3⁰
401 744 473 814 ca⁰.,
497 736 692 800 ‘Peccatum
715 757 812 800 suum
836 748 872 802 ut
892 736 1041 802 Sodoma
1064 738 1334 820 praedicaverunt,
1358 759 1418 802 nec
1441 733 1705 816 absconderunt,'

352 857 410 922 ie.
425 867 598 940 peccatum
620 878 715 921 suum
740 858 870 942 publice
891 859 1081 933 ostendunt,
1102 879 1161 923 uec
1183 859 1399 937 abscondunt,
1419 859 1477 922 sed
1500 879 1575 924 cum
1597 833 1709 924 fronte

352 979 539 1054 meretricis
556 979 610 1042 ie.
626 979 752 1062 absque
767 980 901 1062 pudore,
918 979 1124 1061 applaudunt
1142 980 1292 1044 manibus
1310 990 1343 1044 et
1358 979 1512 1043 laetantur
1527 1000 1602 1044 cum
1619 979 1706 1044 male

352 1097 516 1177 lecerunt3
540 1119 600 1162 nec
615 1099 793 1164 attendunt
809 1101 853 1162 ad
873 1101 974 1163 verba
990 1099 1050 1164 Xti
1069 1100 1103 1162 in
1120 1099 1302 1183 Evangelio
1318 1101 1466 1178 dicentis,
1483 1099 1564 1163 ‘Vae
1579 1099 1674 1163 vobis
1685 1098 1708 1160 l’

352 1239 396 1284 sc.
416 1219 472 1301 qui
491 1220 537 1284 sic
560 1219 682 1294 ridetis,
699 1220 789 1301 quod
811 1219 931 1284 flebitis
954 1241 1003 1296 eo,
1019 1239 1063 1286 sc.
1078 1221 1168 1303 quod
1190 1221 1223 1286 in
1245 1222 1340 1285 rebus
1363 1220 1515 1303 pessimis
1538 1220 1706 1284 exultatis.

353 1340 384 1405 Ο
405 1340 549 1404 Domine
569 1341 680 1404 Deus!
708 1341 764 1421 qui
788 1341 892 1404 fecisti
915 1342 949 1404 in
971 1342 1066 1424 aquis
1084 1342 1203 1406 validis
1225 1353 1347 1406 terram
1369 1342 1512 1406 atridam
1536 1361 1704 1424 apparere,

352 1470 385 1524 et
406 1461 438 1526 in
456 1461 541 1524 Mari
559 1460 672 1526 Rubro
692 1461 780 1524 viam
804 1461 875 1524 sine
898 1461 1144 1542 impedimento,
1160 1463 1204 1526 da
1226 1472 1259 1526 et
1282 1462 1434 1538 concede,
1451 1471 1496 1539 ut,
1511 1461 1627 1544 spiritu
1647 1469 1706 1525 tuo

352 1591 517 1663 operante,
544 1581 751 1646 exsiccentur
780 1583 842 1645 ista
870 1581 1007 1646 flumina
1033 1583 1152 1646 misera
1180 1582 1360 1658 Babilonis,
1384 1592 1420 1646 ut
1447 1581 1590 1664 populus
1617 1591 1704 1658 tuus,

352 1703 395 1766 de
418 1703 610 1785 captivitate
632 1704 758 1784 peccati
782 1704 918 1780 rediens,
940 1724 1034 1768 veras
1056 1703 1171 1768 laudes
1194 1712 1228 1768 et
1249 1713 1424 1786 perpetuas
1447 1703 1507 1768 tibi
1531 1703 1649 1768 reddat
1672 1702 1705 1766 in

352 1822 479 1888 coelesti
503 1822 597 1906 Syon
619 1833 653 1890 et
674 1823 868 1904 Jerusalem.
912 1823 1034 1890 Amen.

440 1953 478 2020 [p.
496 1953 565 2020 son]
609 1951 718 2010 lidae.
764 1943 801 2010 Si
839 1947 927 2008 enirn
962 1957 1098 2028 propter
1128 1965 1230 2010 uuum
1264 1945 1402 2009 verbum
1432 1956 1490 2010 aut
1521 1945 1597 2022 duo,
1630 1964 1705 2026 quae

352 2066 515 2131 contraria
537 2065 613 2130 fidei
639 2074 725 2144 sunt,
748 2065 861 2130 multae
891 2066 1033 2132 haereses
1062 2065 1202 2148 abjectae
1228 2076 1305 2132 sunt
1336 2066 1380 2130 ab
1411 2065 1557 2142 ecclesia,
1579 2073 1707 2146 quanto

355 2189 460 2269 magis
489 2186 542 2250 hic
570 2188 654 2252 inter
678 2187 851 2252 haereticos
880 2187 1057 2252 habebitur
1084 2189 1140 2270 qui
1169 2197 1280 2254 tantas
1303 2188 1533 2268 perversitates
1556 2195 1589 2249 et
1612 2194 1708 2250 tanta

354 2308 442 2374 mala
471 2310 630 2392 dogmata
663 2317 777 2372 contra
802 2308 903 2372 fidem
929 2309 1106 2387 adinvenit,
1132 2317 1166 2374 et
1193 2309 1258 2374 Dei
1284 2307 1430 2373 ecclesiae
1456 2307 1561 2372 hostis
1584 2306 1706 2372 extitit.

356 2430 440 2495 Haec
464 2430 508 2494 ibi
531 2429 574 2493 de
596 2429 749 2511 Origene,
772 2427 865 2510 cujus
897 2429 1074 2512 ingenium,
1097 2451 1163 2494 non
1194 2429 1306 2506 fidem,
1330 2437 1471 2494 testatur
1494 2428 1538 2491 ibi
1564 2427 1707 2492 Sanctus

353 2551 541 2634 Jeronimus
570 2571 606 2614 se
632 2550 794 2614 laudasse.
852 2548 1075 2614 Consimiliter
1096 2549 1175 2632 jam,
1199 2571 1287 2614 anno
1312 2549 1450 2614 Domini
1481 2561 1573 2627 1457,
1598 2547 1706 2612 visum

355 2685 404 2738 est
427 2673 565 2738 diversis
588 2672 717 2754 magnis
740 2682 774 2735 et
797 2671 943 2754 pluribus
964 2672 1154 2736 doctoribus
1177 2673 1267 2754 quod
1292 2671 1365 2734 libri
1389 2671 1478 2748 editi,
1500 2669 1646 2751 inscripti
1673 2669 1706 2732 in

354 2794 499 2877 Anglico
521 2803 555 2856 et
578 2793 709 2872 Latino,
732 2814 791 2876 per
814 2792 1036 2876 Reginaldum
1052 2793 1170 2871 Pecok,
1186 2792 1371 2870 Wallicum,
1388 2792 1579 2875 episcopum
1602 2809 1707 2872 quon·

355 2917 433 2980 dam
448 2915 672 2979 Assavensem
688 2915 722 2978 in
737 2913 867 2992 Wallia,
883 2925 916 2980 et
932 2923 1048 2997 postea
1065 2914 1315 2993 Cicestrensem‚
1329 2914 1446 2978 merito
1462 2911 1581 2994 abjecti
1597 2921 1708 2976 essent

354 3059 375 3102 a
398 3037 522 3102 lectura
544 3036 716 3100 hominum
738 3047 771 3102 et
795 3037 948 3100 auditura
971 3038 1161 3114 eorundem,
1179 3035 1266 3118 quia,
1284 3044 1322 3100 ut
1345 3056 1365 3099 a
1385 3034 1533 3118 plurimis
1552 3033 1708 3098 asseritur

356 3167 389 3222 et
404 3158 563 3232 scribitur,
581 3157 656 3222 libri
678 3159 728 3224 sui
752 3179 811 3241 per
825 3178 902 3221 eum
925 3158 1006 3222 editi
1026 3167 1060 3222 et
1080 3159 1202 3240 scripti,
1218 3159 1250 3222 in
1267 3156 1419 3240 Anglicis
1433 3157 1542 3220 verbis
1558 3165 1591 3220 et
1606 3153 1707 3237 aliqui

355 3279 388 3344 in
417 3280 555 3358 Latinis,
578 3280 748 3344 continent
772 3279 867 3362 plura
891 3279 975 3344 salsa
1002 3288 1035 3344 et
1059 3300 1219 3364 perversa,
1246 3289 1279 3344 et
1303 3279 1424 3361 scripta
1447 3283 1495 3354 4οῐ
1519 3285 1707 3342 sanctorum

355 3402 529 3466 doctorum
565 3401 733 3483 Jeronimi‚
769 3400 959 3484 Augustini,
998 3399 1176 3478 Ambrosii,
1217 3409 1250 3464 et
1287 3399 1376 3463 beati
1415 3397 1564 3480 Gregorii
1602 3415 1706 3479 papae,

356 3522 596 3605 reprehensiva.
654 3521 814 3588 Scribitur
843 3521 946 3588 eciam
978 3522 1021 3584 de
1051 3523 1170 3586 eodem
1196 3519 1384 3602 Reginaldo
1411 3517 1528 3593 Pecok,
1555 3517 1644 3600 quod
1675 3518 1708 3580 in

356 3644 439 3708 libro
472 3665 541 3720 suo,
566 3664 665 3725 quem
703 3642 774 3725 ipse
810 3642 958 3708 intitulat
990 3643 1042 3706 De
1076 3643 1167 3717 Fide,
1198 3642 1277 3706 dicit
1308 3650 1341 3704 et
1374 3640 1495 3716 scribit,
1525 3639 1614 3720 quod
1645 3637 1708 3704 hoc

356 3765 482 3829 dictum
497 3765 587 3828 beati
604 3764 762 3846 Gregorii,
780 3763 912 3828 Omelia
930 3762 979 3842 26,
995 3763 1113 3828 ‘Fides
1129 3784 1194 3827 non
1211 3762 1313 3826 habet
1330 3761 1483 3824 meritum
1497 3759 1549 3824 cui
1564 3758 1709 3823 humana

356 3886 439 3950 ratio
460 3886 588 3967 praebet
608 3883 886 3968 experimentum’
905 3894 955 3949 est
975 3883 1102 3962 salsum,
1118 3893 1152 3948 et
1172 3883 1275 3947 eciam
1292 3881 1339 3946 ibi
1362 3879 1464 3963 ponit,
1482 3880 1571 3962 quod
1592 3879 1709 3944 beatus

356 4005 534 4090 Gregorius
563 4005 758 4070 contradicit
791 4006 853 4070 sibi
883 4006 945 4088 ipsi
976 4004 1145 4088 Gregorio.
1208 4004 1294 4068 Item
1331 4001 1482 4066 scribitur
1514 4000 1557 4066 de
1590 4001 1709 4064 eodem

355 4127 512 4211 episcopo
542 4127 740 4210 Reginaldo,
770 4128 860 4209 quod
890 4128 980 4192 dicta
1010 4127 1182 4192 doctorum
1221 4145 1287 4190 non
1321 4131 1398 4188 sunt
1435 4121 1609 4198 credenda,
1648 4121 1708 4186 nisi

356 4248 412 4311 illa
438 4248 577 4330 probent
608 4247 746 4314 naturali
774 4249 911 4328 racione,
936 4258 969 4312 et
1000 4249 1089 4329 quod
1120 4269 1235 4313 sensus
1266 4265 1366 4312 sacrae
1397 4243 1565 4326 scripturae
1600 4241 1709 4308 nullus

999 4365 1022 4414 Ο
1048 4368 1064 4414 2
