4378 4936
735 409 834 466 LOCI
859 411 889 464 E
918 411 1043 464 LIBRO
1077 409 1335 464 VERITATUM.
1653 417 1711 485 133

359 624 411 689 vel
438 625 588 704 vicariis3
622 627 724 690 etsie
752 626 861 690 vicarii
887 627 1018 688 luerunt
1041 623 1202 706 capellani
1225 623 1317 705 ejus3
1346 631 1380 686 et
1406 622 1468 686 sub
1494 622 1549 687 illa
1576 623 1711 689 licencia

357 747 516 810 absentes
545 755 637 812 erant
661 768 682 811 a
708 768 766 810 sua
795 767 882 825 cura,
898 757 932 811 et
957 767 979 809 a
1004 766 1064 808 sua
1090 744 1210 808 vicaria
1235 765 1296 827 per
1323 763 1438 819 annos,
1462 754 1619 809 vacantes
1643 746 1711 809 suis

359 867 484 931 deliciis
510 878 544 931 et
572 867 802 932 venationibus
831 868 943 930 avium
966 875 999 930 et
1030 885 1158 929 canum.
1213 865 1308 943 Item,
1328 863 1399 946 jam
1422 863 1535 946 aliqui,
1558 866 1613 948 qui
1645 886 1711 929 non

359 986 485 1052 habent
511 988 677 1053 licentiam
703 988 847 1052 habendi
873 989 1018 1053 diversas
1048 986 1201 1051 ecclesias
1225 1007 1299 1050 cum
1326 1006 1413 1061 cura,
1439 987 1613 1068 acquirunt
1639 987 1711 1050 aliis

359 1107 548 1173 hominibus
570 1110 717 1174 diversas
740 1110 902 1186 ecclesias,
919 1118 961 1184 et,
978 1118 1157 1191 antequam
1173 1128 1229 1171 eas
1248 1105 1418 1172 conlerant
1435 1106 1571 1182 eisdem,
1586 1107 1711 1172 faciunt

361 1250 419 1294 eos
445 1230 593 1312 obligari,
614 1250 674 1312 per
699 1229 920 1312 obligationes
946 1231 979 1293 in
1003 1229 1110 1293 forma
1136 1228 1218 1312 legis
1242 1229 1343 1310 regni,
1366 1249 1402 1292 se
1424 1229 1596 1292 annuatim
1622 1228 1712 1292 solu·

359 1361 451 1415 turos
475 1351 727 1434 acquisitoribus
750 1350 902 1415 beneficii
927 1371 978 1413 xx
999 1370 1135 1429 marcas,
1160 1347 1214 1413 vel
1240 1349 1348 1427 ultra3
1380 1357 1414 1412 et
1437 1349 1512 1412 ideo
1536 1350 1711 1432 episcopus

279 1453 282 1464 ⁴
360 1471 537 1548 Heliensis,
565 1472 727 1556 Magister
750 1471 921 1554 Philippus
930 1470 952 1546 ¹,
979 1480 1159 1552 antequam
1186 1471 1379 1534 admitteret
1407 1470 1552 1552 aliquem
1579 1471 1621 1534 ad
1651 1469 1711 1534 ali-

360 1613 461 1675 quam
485 1592 666 1671 ecclesiam,
684 1592 762 1657 fecit
784 1594 893 1676 ipsum
912 1592 1030 1674 jurare,
1054 1591 1144 1674 quod
1167 1591 1256 1674 prius
1280 1611 1346 1653 non
1368 1589 1490 1654 fecerat
1512 1610 1572 1654 nec
1595 1600 1712 1673 postea

358 1713 481 1777 iaceret
506 1713 608 1777 talem
633 1714 881 1796 obligationem.
932 1713 1028 1791 Item,
1051 1711 1129 1775 fecit
1153 1720 1371 1794 praesentatos
1396 1711 1439 1774 ad
1463 1711 1601 1775 vicarias
1632 1723 1712 1776 ante

358 1854 453 1897 suam
475 1834 711 1898 admissionem
734 1835 768 1897 in
789 1854 902 1898 curam
923 1832 1042 1915 jurare,
1058 1832 1148 1915 quod
1172 1832 1263 1914 prius
1286 1852 1354 1894 non
1371 1830 1516 1896 fecerant
1538 1832 1711 1915 obligatio-

358 1975 445 2032 nem,
467 1976 527 2020 nec
545 1955 770 2036 juramentum
795 1955 964 2038 religiosis,
987 1955 1039 2018 cui
1065 1950 1138 2038 (sic)
1162 1953 1219 2017 illa
1245 1953 1383 2018 ecclesia
1410 1961 1461 2016 est
1487 1955 1708 2034 appropriata,

358 2077 448 2158 quod
482 2077 571 2159 ipsos
601 2097 667 2141 non
702 2087 864 2141 vexarent
894 2097 955 2140 nec
986 2075 1231 2158 implacitarent
1261 2095 1318 2138 eos
1349 2094 1410 2155 pro
1440 2077 1711 2156 augmentatione

357 2199 496 2262 vicariae.
543 2197 623 2261 Ideo
647 2197 863 2262 benedicatur
887 2198 998 2260 anima
1023 2196 1104 2278 ejus,
1131 2197 1209 2279 quia
1236 2195 1298 2259 fuit
1327 2215 1425 2258 causa
1451 2214 1553 2276 quare
1581 2195 1711 2259 vicariae

358 2317 489 2384 suerunt
512 2318 628 2382 melius
651 2320 775 2382 dotatae
797 2327 832 2382 et
854 2317 1098 2401 augmentatae!

444 2441 525 2505 Vae!
552 2440 634 2504 Vae!
668 2442 829 2524 nequiciae
857 2441 1100 2514 modernorum,
1126 2438 1211 2521 perit
1234 2437 1366 2520 justicia
1392 2436 1576 2519 primitiva:
1604 2456 1712 2519 nuper

358 2561 456 2638 enim,
482 2571 618 2644 propter
640 2561 903 2626 verberationem
929 2558 1026 2624 unius
1050 2561 1110 2623 viri
1138 2559 1258 2637 rustici,
1280 2567 1434 2622 tenentes
1460 2557 1556 2620 unius
1582 2558 1711 2621 comitis

356 2693 570 2747 surrexerunt
606 2683 708 2746 millia
745 2683 926 2761 hominum,
958 2691 992 2746 et
1029 2682 1221 2746 occiderunt
1257 2700 1324 2744 non
1361 2679 1455 2742 illum
1492 2679 1549 2761 qui
1587 2679 1711 2742 malum

358 2803 445 2881 iecit,
466 2805 525 2868 sed
552 2803 712 2886 plurimos
735 2805 792 2887 qui
819 2824 884 2867 non
912 2813 1073 2867 noverunt
1097 2803 1231 2880 lactum,
1256 2822 1316 2866 nec
1342 2801 1436 2864 illum
1460 2801 1516 2884 qui
1541 2800 1633 2862 illum
1657 2820 1711 2864 oc·

359 2925 461 3001 cidit3
492 2935 526 2988 et
552 2935 630 2990 tunc
655 2925 862 3007 projecerunt
888 2927 931 2989 ad
958 2935 1088 3002 terram,
1112 2935 1145 2988 et
1171 2924 1304 3006 penitus
1328 2923 1563 2986 destruxerunt
1590 2941 1711 3004 magna

358 3049 513 3124 maneria,
549 3056 583 3111 et
619 3047 735 3112 horrea
773 3047 871 3130 plena
907 3048 1017 3129 granis
1052 3046 1298 3121 destruxerunt,
1334 3055 1367 3108 et
1402 3046 1521 3107 domos
1554 3042 1711 3125 plurimas

360 3167 567 3248 projecerunt
605 3179 637 3232 et
676 3170 708 3232 in
746 3178 860 3251 partes
900 3167 1139 3250 confregerunt,
1176 3168 1223 3230 ita
1261 3168 1350 3248 quod
1393 3165 1472 3228 nulli
1510 3165 1583 3227 usui
1622 3162 1711 3243 ligna

355 3297 438 3370 apta
467 3287 608 3363 suerunt,
631 3297 666 3352 et
691 3289 755 3352 hoc
778 3299 813 3353 et
838 3288 904 3351 alia
930 3288 1019 3351 mala
1048 3287 1205 3365 fecerunt,
1230 3287 1381 3370 quamvis
1410 3286 1529 3361 omnia,
1552 3304 1627 3365 quae
1653 3283 1711 3346 de-

357 3417 558 3484 stmxerunt‚
581 3410 792 3492 pertinebant
816 3409 954 3473 ecclesia
979 3407 1160 3472 cathedrali
1188 3407 1308 3489 proprii
1337 3427 1450 3470 eorum
1481 3403 1649 3487 episcopi3
1677 3412 1711 3466 et

356 3528 430 3592 haec
464 3527 611 3593 iecerunt
644 3531 722 3611 quia
751 3529 925 3612 episcopus
956 3529 1301 3592 excommunicaverat
1331 3547 1387 3590 eos
1419 3525 1609 3588 resistentes
1639 3523 1711 3606 ejus

357 3650 558 3728 correctioni,
577 3660 611 3715 et
633 3651 732 3714 etiam
757 3659 894 3732 propter
919 3670 1052 3714 causam
1075 3649 1128 3712 hic
1155 3649 1321 3730 scriptam,
1341 3657 1375 3710 et
1398 3667 1442 3709 ex
1465 3644 1528 3709 hoc
1552 3645 1709 3726 exemplo

357 3772 512 3852 pessimo,
538 3771 671 3854 quando
694 3791 779 3834 unus
806 3771 901 3833 miles
926 3769 979 3834 vel
1005 3770 1147 3852 armiger
1170 3767 1372 3833 irascebatur
1397 3765 1570 3841 eumalio,
1595 3765 1709 3829 statim

354 3893 538 3975 surgebant
567 3893 775 3956 adhaerentes
805 3893 900 3955 alteri
930 3892 1016 3974 parti
1047 3911 1169 3965 eorum,
1201 3901 1235 3954 et
1263 3888 1483 3953 verberabant
1512 3895 1547 3950 et
1577 3885 1710 3950 mutila·

360 4013 442 4078 bant
478 4013 531 4078 vel
568 4013 758 4078 occiderunt
791 4035 908 4078 omnes
945 4035 1028 4097 quos
1065 4022 1237 4096 suspectos
1269 4010 1447 4087 habebant,
1477 4008 1532 4090 qui
1570 4008 1710 4071 alteram

358 4145 487 4216 partem
512 4134 704 4216 diligebant,
726 4135 779 4198 vel
807 4136 862 4217 qui
893 4135 935 4198 de
962 4133 1018 4197 illa
1044 4144 1139 4215 parte
1164 4144 1284 4196 terram
1308 4139 1492 4206 tenuerunt,
1515 4129 1567 4192 vel
1591 4131 1710 4194 domus

535 4270 543 4302 ¹
561 4269 646 4335 Philip
658 4271 774 4334 Murgan,
784 4270 842 4320 died
855 4270 912 4319 Oct.
927 4283 964 4331 25,
981 4283 1057 4333 1435;
1076 4268 1212 4318 translated
1223 4267 1286 4316 lrom
1300 4267 1447 4322 worcester,
1462 4263 1534 4329 142⁶.
