4378 4936
492 357 535 456 '90
868 381 967 438 zocl
991 381 1022 435 a
1049 381 1174 438 alano
1208 381 1358 438 vanum
1366 383 1465 438 TUM.

492 595 626 662 deserto
650 599 745 661 annis
765 614 817 675 40,
838 606 874 661 et
899 597 1080 680 portabunt
1109 596 1360 661 fornicacionem
1384 594 1546 675 vestram,'
1573 597 1593 660 i.
1611 618 1639 661 e.
1666 596 1843 680 punientur

493 715 674 796 vobiscum,
701 717 779 800 quia
808 715 895 781 filius
924 715 1018 800 quasi
1048 736 1125 800 pars
1155 717 1258 800 patris
1287 726 1346 794 est,
1371 738 1430 799 per
1458 718 1656 782 decisionem
1686 716 1842 794 seminis;

494 857 539 900 ex
561 837 681 920 quibus
703 846 796 921 patet
819 838 909 920 quod
932 836 1105 913 Dominus,
1128 837 1300 902 dimittens
1323 838 1370 901 eis
1396 847 1501 902 certas
1524 858 1648 920 poenas,
1670 837 1753 902 alias
1777 855 1842 900 non

495 956 629 1036 remisit,
649 957 730 1040 quin
748 968 866 1040 postea
887 956 960 1022 illas
982 977 1099 1040 poenas
1121 957 1285 1022 solverent
1307 967 1340 1023 et
1362 959 1568 1022 sustinerent.
1614 956 1733 1023 Solent
1754 956 1842 1020 enim

492 1079 599 1143 sancti
622 1087 732 1161 patres
762 1078 908 1146 ecclesiae
934 1078 1101 1143 remittere
1130 1088 1165 1142 et
1199 1077 1314 1142 laxare
1344 1089 1449 1143 certas
1478 1099 1594 1162 poenas
1623 1077 1780 1162 positivas
1809 1084 1844 1140 et

492 1197 538 1263 ab
558 1197 694 1264 homine
708 1198 761 1263 vel
780 1219 801 1264 a
816 1198 891 1282 jure
909 1197 1056 1264 ecclesiae
1077 1199 1259 1282 impositas,
1274 1209 1308 1262 et
1327 1197 1391 1264 hoe
1412 1199 1577 1283 praecipue
1599 1197 1745 1263 fecerunt
1766 1197 1844 1280 quia

492 1318 565 1382 sine
590 1318 655 1382 illis
681 1319 788 1402 poenis
813 1319 903 1384 salus
927 1318 1046 1383 animae
1068 1317 1182 1383 haberi
1205 1319 1322 1403 potuit,
1345 1329 1379 1384 et
1401 1320 1601 1384 remittendo
1623 1318 1696 1383 illas
1717 1337 1843 1402 poenas,

492 1438 547 1502 vel
577 1437 650 1503 illas
679 1460 797 1522 poenas
823 1440 1030 1517 retrahendo,
1056 1440 1099 1503 ad
1129 1449 1223 1504 actus
1251 1439 1433 1504 virtutuum
1465 1439 1616 1505 meliores
1642 1440 1844 1523 poenitentes

493 1558 584 1640 ipsos
612 1559 835 1644 praecipiendo
867 1559 1070 1643 obligabant,
1096 1568 1130 1623 et
1160 1559 1249 1643 ipsos
1278 1559 1478 1642 poenitentes
1503 1560 1685 1635 solvebant,
1713 1560 1733 1623 i.
1744 1580 1772 1623 e.
1799 1557 1843 1622 ad

493 1679 693 1761 condignam
723 1680 987 1746 satisfaccionem
1013 1679 1104 1763 juste
1137 1680 1339 1760 remiserunt,
1369 1689 1407 1745 ut
1439 1689 1581 1746 testatur
1609 1679 1771 1744 Ricardus
1800 1677 1844 1742 de

495 1797 620 1864 Sancto
637 1799 772 1864 Victore
794 1801 828 1864 in
850 1800 934 1865 libro
960 1821 1021 1864 suo
1047 1801 1101 1864 De
1123 1809 1290 1883 potestate
1312 1800 1504 1866 absolvendi
1527 1811 1561 1866 et
1583 1800 1745 1866 retinendi
1767 1817 1844 1882 pec·

493 1926 578 1984 cata
624 1917 773 1985 Caveant
799 1941 879 2004 ergo
908 1930 1106 2004 peccatores,
1133 1941 1175 1984 ne
1201 1921 1267 1985 sint
1293 1919 1415 1984 similes
1440 1919 1627 1985 hominibus
1652 1919 1844 2002 Jerusalem,

494 2058 560 2103 non
582 2060 659 2104 vere
682 2041 929 2123 poenitentibus,
953 2061 1013 2106 nec
1036 2061 1111 2105 vere
1133 2039 1320 2106 satisfacere
1341 2040 1536 2120 volentibus,
1558 2043 1601 2106 de
1623 2041 1742 2125 quibus
1764 2039 1845 2104 dicit

491 2158 669 2236 Dominus,
692 2161 846 2242 Jeremiae
872 2169 935 2242 15⁰,
960 2159 1018 2226 ‘Si
1048 2171 1210 2226 steterunt
1242 2162 1377 2246 Moyses
1408 2172 1442 2226 et
1473 2161 1609 2227 Samuel
1638 2181 1749 2226 coram
1780 2171 1843 2235 me,

494 2299 560 2343 non
578 2289 628 2344 est
648 2281 759 2344 anima
777 2303 852 2346 mea
868 2283 913 2348 ad
935 2281 1095 2366 populum
1112 2284 1211 2347 istum
1223 2279 1242 2362 ;’
1264 2291 1297 2346 et
1312 2282 1464 2364 Jeremiae
1482 2289 1544 2363 14⁰,
1559 2281 1656 2346 ‘Noli
1674 2301 1767 2346 orare
1784 2300 1845 2364 pro

493 2400 618 2484 populo
641 2401 714 2479 isto,
739 2402 772 2464 in
795 2403 928 2480 bonum,
950 2423 994 2468 sc.
1017 2413 1054 2467 ut
1080 2403 1211 2468 veniam
1241 2402 1395 2479 habeant,
1419 2404 1498 2467 dum
1522 2403 1605 2469 tales
1630 2410 1844 2486 permanent;

494 2539 569 2585 cum
600 2520 830 2603 jejunaverunt
860 2543 926 2586 non
957 2523 1136 2587 exaudiam
1167 2543 1281 2605 preces
1310 2521 1462 2602 eorum;’
1496 2534 1529 2588 et
1559 2543 1658 2587 causa
1687 2522 1843 2596 redditur,

493 2640 606 2704 Ysaiae
628 2637 685 2720 58⁰
707 2648 780 2716 ca⁰.,
806 2642 865 2706 ‘In
887 2643 1005 2707 diebus
1024 2641 1140 2726 jejunii
1162 2643 1261 2707 vestri
1284 2644 1447 2708 invenitur
1467 2644 1620 2707 voluntas
1639 2651 1756 2721 vestra,
1778 2643 1799 2706 i.
1815 2662 1844 2706 e

495 2781 562 2825 non
578 2761 652 2838 Dei,
667 2762 725 2826 sed
744 2771 869 2828 vestras
886 2763 993 2828 facitis
1010 2763 1207 2843 voluntates,
1222 2765 1265 2827 ad
1288 2763 1362 2828 lites
1382 2764 1469 2828 enim
1493 2773 1527 2829 et
1547 2765 1591 2827 ad
1614 2763 1845 2828 contenciones

490 2881 669 2966 jejunatis!
714 2883 804 2962 Ideo,
825 2884 856 2950 O
877 2885 964 2949 bone
983 2885 1082 2967 Jesut
1107 2892 1207 2950 ‘sane
1229 2905 1293 2957 me,
1315 2894 1349 2950 et
1369 2885 1529 2964 sanabor;
1557 2884 1685 2950 salvum
1707 2883 1843 2960 mefac,

495 3011 530 3068 et
545 3003 654 3068 salvus
670 3024 726 3069 ero
737 3005 755 3084 ;'
778 3005 886 3070 ‘dicas
900 3014 938 3071 tu
952 3007 1090 3071 verbum
1105 3014 1139 3070 et
1154 3006 1325 3070 sanabitur
1341 3026 1423 3088 puer
1437 3003 1548 3084 meus,’
1564 3005 1618 3069 ie.
1634 3006 1746 3068 anima
1760 3024 1844 3068 mea.

493 3121 612 3206 Aliqui
633 3125 721 3188 enim
746 3126 869 3202 dicunt,
891 3136 925 3190 et
947 3125 1036 3204 false,
1058 3126 1148 3209 quod
1170 3125 1309 3208 quilibet
1328 3126 1398 3190 dies
1421 3127 1630 3208 poenitenciae
1650 3124 1844 3190 voluntariae

495 3245 528 3308 in
552 3244 615 3310 hac
639 3246 708 3310 vita
735 3254 785 3310 est
810 3246 974 3311 sufficiens
996 3266 1097 3329 poena
1119 3267 1177 3310 seu
1200 3245 1400 3330 poenitencia
1421 3248 1464 3310 ad
1488 3245 1714 3310 remissionem
1735 3265 1845 3328 poenae

494 3365 647 3430 annualis
684 3367 718 3430 in
754 3387 954 3450 quocunque
990 3377 1067 3450 post
1104 3366 1189 3431 hanc
1225 3366 1352 3446 vitam;
1393 3375 1427 3431 et
1463 3366 1526 3430 hoc
1562 3366 1683 3431 falsum
1719 3367 1844 3431 dictum

494 3485 632 3550 Domini
659 3485 843 3551 Ezechielis
868 3495 999 3570 quarto,
1024 3496 1140 3551 contra
1163 3486 1367 3550 intellectum
1393 3486 1529 3550 Domini
1554 3486 1709 3568 allegant.
1754 3486 1846 3550 Dicit

495 3605 583 3669 enim
599 3606 722 3670 ibidem
739 3607 911 3684 Dominus,
928 3607 1046 3670 ‘Diem
1065 3628 1126 3690 pro
1141 3627 1229 3670 anno
1251 3605 1328 3670 dedi
1351 3606 1431 3682 tibi,’
1453 3607 1473 3670 i.
1486 3628 1514 3670 e.
1530 3627 1589 3688 per
1609 3615 1690 3690 quot
1706 3607 1777 3670 dies
1798 3616 1844 3676 tu,

495 3725 652 3790 Ezechiel
682 3727 831 3791 manebis
861 3728 894 3791 in
921 3727 984 3792 hoc
1014 3727 1097 3806 loco,
1122 3749 1180 3810 per
1206 3735 1258 3792 tot
1283 3748 1389 3792 annos
1421 3728 1482 3792 erit
1510 3726 1652 3811 populus
1679 3726 1781 3792 Israel
1810 3727 1844 3790 in

494 3847 688 3928 captivitate
718 3857 896 3929 antequam
927 3848 1062 3912 libertas
1091 3847 1139 3911 eis
1168 3847 1309 3926 dabitur,
1339 3848 1372 3910 in
1403 3857 1552 3931 tempore
1580 3847 1718 3911 Assueri
1748 3847 1844 3930 regis,

494 3976 529 4031 et
553 3965 676 4031 Hester
701 3968 841 4049 reginae;
868 3977 902 4032 et
932 3968 1008 4032 inde
1034 3977 1071 4032 ut
1096 3977 1239 4033 testatur
1262 3968 1405 4034 Sanctus
1428 3968 1614 4049 Jeronimus
1636 3989 1734 4052 super
1759 3967 1844 4031 Eze-

494 4085 634 4152 chielem
658 4089 691 4151 in
716 4087 963 4154 Commentario
990 4109 1061 4152 suo.
1116 4087 1184 4172 Qui
1211 4109 1290 4172 ergo
1315 4090 1379 4154 ista
1400 4089 1500 4153 verba
1522 4090 1566 4153 ad
1591 4109 1724 4152 sensum
1747 4109 1843 4152 suum

494 4216 529 4272 et
565 4207 608 4272 ad
646 4207 849 4274 intellectum
879 4208 1023 4274 alienum
1056 4209 1099 4274 ab
1133 4209 1301 4276 intellectu
1339 4210 1396 4274 illa
1431 4210 1532 4274 verba
1563 4209 1670 4293 primo
1706 4209 1844 4274 dicentis
