4338 4936
480 401 522 468 28
856 406 955 469 LOCI,
979 405 1010 460 E
1038 405 1163 460 LIBRO
1197 400 1455 460 VERITATmu.

482 620 615 685 solvunt
637 618 761 702 primos
783 618 905 683 fructus
927 637 1061 682 suorum
1084 617 1343 700 episcopatuum.
1388 615 1475 679 Istas
1502 613 1735 695 conclusiones,
1759 635 1834 699 quae

480 749 561 805 sunt
582 740 798 824 plurimorum
820 739 983 803 malorum
1005 738 1147 821 origines
1169 745 1204 800 et
1225 735 1421 812 occasiones,
1445 735 1637 818 praedicavit
1657 736 1835 819 praedictus

479 860 595 926 Pecok
619 862 791 944 episcopus
818 861 977 943 praedicto
1000 879 1088 922 anno
1115 857 1240 920 domini
1269 872 1348 935 1447
1376 857 1419 919 ad
1443 876 1572 920 crucem
1600 855 1714 922 Sancti
1743 856 1835 920 Pauli

482 981 670 1045 Londoniae
693 991 728 1046 et
750 981 887 1045 tradidit
907 1001 963 1044 eas
985 980 1124 1062 scriptas
1146 978 1179 1040 in
1202 976 1357 1060 Anglico,
1374 977 1530 1060 episcopo
1549 977 1758 1053 Norwicensi,
1775 997 1836 1041 suo

484 1101 613 1179 fautori,
638 1110 671 1166 et
698 1101 853 1184 episcopo
876 1099 1052 1176 Cicestriae,
1079 1109 1114 1162 et
1140 1097 1297 1180 magistro
1319 1096 1499 1160 Vincencio
1525 1095 1688 1176 Clement,
1709 1098 1836 1163 doctori

481 1220 647 1299 insolenti,
663 1222 719 1303 qui
736 1218 880 1285 Oxoniae
901 1221 933 1283 in
952 1219 1121 1302 theologia
1139 1218 1261 1299 incepit
1280 1218 1313 1280 in
1332 1217 1447 1281 ordine
1466 1218 1661 1282 diaconatus
1681 1219 1837 1297 existens,

484 1342 590 1424 gradu
606 1362 667 1405 suo
682 1349 821 1424 optento
837 1341 934 1404 minis
949 1349 983 1404 et
998 1340 1177 1424 promissis,
1193 1347 1227 1402 et
1239 1339 1375 1402 diversis
1391 1337 1507 1402 litteris
1522 1338 1618 1420 regiis
1633 1347 1667 1402 et
1685 1339 1838 1402 brevibus

485 1461 583 1543 regiis
595 1461 702 1524 missis
718 1470 833 1525 contra
847 1482 904 1526 eos
919 1461 976 1544 qui
991 1461 1024 1523 in
1040 1481 1162 1543 magna
1176 1459 1434 1542 congregacione
1450 1459 1637 1540 regentium
1658 1467 1691 1522 et
1707 1479 1772 1522 non
1788 1479 1839 1523 re·

484 1581 639 1665 gencium
654 1581 688 1645 in
701 1581 837 1647 Oxonia
850 1582 995 1665 graciam
1010 1601 1104 1646 suam
1119 1581 1258 1664 petitam
1275 1600 1319 1643 ex
1335 1599 1394 1642 sua
1410 1579 1612 1644 consciencia
1627 1588 1840 1663 negaverunt.

573 1699 768 1783 Antequam
790 1702 965 1766 deveniam
986 1702 1030 1765 ad
1053 1700 1333 1784 improbacionem
1352 1700 1468 1783 primae
1489 1709 1526 1762 2²
1547 1709 1581 1763 et
1601 1709 1641 1776 4¹²
1658 1699 1840 1804 copclusio·

486 1821 546 1894 nis,
573 1821 725 1886 invocata
757 1821 899 1906 Spiritus
928 1821 1043 1887 Sancti
1073 1820 1192 1904 gracia,
1217 1822 1393 1885 ostendam
1421 1829 1488 1884 tres
1518 1840 1633 1884 causas
1658 1822 1846 1904 praecipuas¹

485 1939 661 2006 haeresium
691 1952 726 2006 et
755 1962 913 2006 errorum.
971 1942 1079 2008 Prima
1113 1951 1164 2005 est
1198 1941 1288 2022 quod
1324 1960 1390 2004 non
1419 1940 1535 2004 volunt
1566 1940 1718 2005 homines
1747 1943 1840 2025 sequi

485 2081 652 2126 sacrarum
690 2063 924 2146 scripturarum
965 2063 1196 2126 auctoritatem
1233 2062 1293 2126 sed
1334 2061 1488 2126 humanae
1526 2061 1664 2125 racionis
1696 2083 1839 2140 sensum,

487 2190 575 2247 teste
611 2191 728 2247 sancto
765 2191 799 2248 et
834 2182 948 2248 celesti
983 2181 1120 2247 doctore
1156 2181 1327 2263 Jeronimo
1364 2203 1465 2265 super
1498 2182 1595 2246 Oseae
1632 2184 1841 2266 prophetiam

488 2302 636 2386 capitulo
659 2303 718 2366 vii⁰
741 2311 865 2367 textus.

577 2421 732 2488 Secunda
760 2443 860 2488 causa
888 2433 949 2497 est,
972 2424 1062 2506 quod
1093 2443 1159 2486 non
1189 2423 1357 2488 humiliter
1385 2444 1421 2488 se
1448 2423 1590 2487 retinent
1616 2425 1698 2487 insra
1731 2425 1843 2489 termi-

488 2563 550 2606 nos
573 2553 763 2607 sanctorum
786 2553 928 2626 patrum,
950 2544 1010 2607 sed
1032 2543 1233 2608 transierunt
1255 2565 1291 2608 se
1315 2545 1404 2628 ipsos
1431 2543 1516 2608 ultra
1539 2554 1727 2607 sanctorum
1751 2543 1843 2610 testi-

489 2663 613 2738 monia,
635 2673 670 2728 et
692 2661 936 2746 philosophiam
962 2662 1145 2727 naturalem
1172 2663 1253 2728 lalse
1276 2664 1448 2747 applicant
1474 2664 1518 2728 ad
1544 2685 1642 2727 suum
1669 2664 1842 2728 intentum.

486 2782 619 2848 *Omnes
641 2783 730 2847 enim
753 2782 899 2848 haeretici
926 2783 1054 2866 antiqui
1076 2782 1219 2848 haereses
1246 2805 1324 2848 suas
1349 2785 1570 2849 fundaverunt
1592 2794 1627 2848 et
1647 2793 1844 2867 argumenta

488 2923 552 2968 sua
580 2903 614 2966 in
643 2903 741 2968 dictis
770 2902 1041 2987 philosophorum
1072 2903 1254 2986 gentilium,
1284 2907 1369 2970 sicut
1400 2906 1574 2970 Ennomus
1604 2905 1723 2987 posuit,
1753 2905 1843 2988 quod

490 3033 608 3088 natum
641 3033 692 3088 est
727 3022 831 3089 habet
868 3045 940 3088 esse
970 3032 1046 3106 post
1076 3045 1142 3087 non
1173 3045 1267 3104 esse3
1304 3026 1453 3090 Verbum
1490 3025 1563 3102 Dei,
1593 3026 1685 3107 quod
1716 3033 1844 3108 ponunt

491 3143 608 3208 Xtiani
631 3163 703 3208 esse
728 3155 854 3222 natum,
877 3165 957 3228 ergo
979 3143 1080 3209 habet
1102 3164 1174 3209 esse
1196 3153 1273 3228 post
1297 3167 1364 3210 non
1387 3167 1468 3224 esse,
1490 3154 1525 3210 et
1546 3143 1593 3208 sic
1614 3145 1844 3228 consequitur:

490 3263 639 3328 Verbum
665 3265 700 3328 in
721 3265 840 3329 divinis
862 3273 913 3328 est
935 3285 1018 3348 pura
1041 3275 1199 3330 creatura.
1246 3267 1421 3346 Manichci,
1444 3265 1495 3332 ut'
1509 3261 1670 3330 evitarent
1693 3265 1846 3330 inconve-

492 3384 593 3462 niens,
616 3394 797 3468 posuerunt
820 3405 977 3468 magnum
1005 3385 1246 3466 inconveniens,
1268 3396 1306 3451 ut
1329 3388 1417 3452 enim
1444 3388 1537 3451 Deus
1559 3407 1643 3450 unus
1665 3407 1733 3450 non
1757 3394 1847 3449 esset

488 3515 607 3575 auctor
621 3505 792 3581 malorum,
808 3515 989 3588 posuerunt
1004 3507 1089 3570 duos
1104 3508 1195 3585 deos,
1211 3529 1313 3571 unum
1328 3507 1620 3583 celestium,alium
1635 3507 1848 3586 terrestrium,

491 3635 526 3690 et
553 3625 601 3689 sic
630 3645 746 3690 omnes
771 3626 895 3689 'rivulos
924 3636 1194 3709 argumentorum
1220 3648 1354 3693 suorum
1385 3649 1429 3692 ex
1453 3627 1551 3692 dictis
1575 3625 1848 3710 philosophorum

492 3745 679 3818 trahebant,
695 3746 739 3808 de
761 3744 881 3827 quibus
904 3747 983 3810 dicit
1005 3747 1177 3829 apostolus
1199 3748 1242 3812 ad
1267 3750 1437 3813 Romanos
1460 3748 1549 3830 quod
1570 3757 1705 3831 propter
1728 3767 1848 3830 magna

492 3876 630 3950 peccata
656 3866 794 3931 tradidit
823 3887 888 3944 eos,
915 3867 973 3932 i.e.
998 3869 1085 3932 tradi
1116 3870 1265 3951 permisit
1292 3870 1325 3932 in
1356 3869 1531 3952 reprobum
1560 3887 1702 3946 sensum,
1729 3867 1749 3931 i.
1759 3889 1786 3932 e.
1815 3867 1848 3930 in

492 3986 610 4050 salsum
631 3986 844 4061 intellectum,
863 3997 899 4051 ut
918 3987 1036 4052 falsum
1057 3989 1258 4053 affirmarent
1278 3990 1368 4073 quod
1384 4009 1498 4053 verum
1518 3997 1609 4067 erat;
1630 3998 1664 4052 et
1678 3987 1849 4070 aequaliter

491 4105 565 4180 haec
593 4107 739 4172 secunda
768 4129 867 4174 causa
890 4118 983 4192 patet
1007 4129 1067 4193 per
1090 4119 1241 4175 sanctum
1271 4109 1477 4192 Jeronirnum
1503 4129 1603 4192 super
1628 4109 1740 4173 Naum
1771 4128 1848 4191 pro·
