4338 4936
481 360 522 444 36
857 369 956 424 LOCI
983 370 1013 424 E
1041 369 1165 424 LIBRO
1201 367 1459 425 VERITATUM.

479 589 636 665 optamus
659 591 693 647 et
715 583 927 648 obsecramus
950 595 987 649 ut
1010 605 1069 668 per
1092 595 1237 648 vestram
1260 585 1493 650 auctoritatem
1513 585 1559 649 sic
1581 606 1602 648 a
1626 585 1722 664 nobis
1744 605 1839 668 sepa·

481 713 596 766 rentur
620 713 654 768 et
679 725 700 767 a
725 705 881 769 domibus
911 708 1040 783 nostris,
1064 715 1101 768 ut
1127 725 1298 787 nunquam
1321 706 1505 770 habeamus
1531 708 1737 771 occasionem
1765 727 1842 789 pec·

481 825 578 889 candi
617 846 692 889 cum
728 828 784 900 eis,
820 847 880 890 nec
910 827 991 910 ipsae
1023 828 1175 891 mulieres
1208 827 1401 892 concubinae
1438 827 1643 893 occasionem
1681 827 1841 910 peccandi

478 943 628 1011 habeant
658 967 718 1030 per
747 970 807 1012 nos
836 970 912 1013 cum
942 951 982 1013 iis
1012 949 1276 1013 cohabitantesl'
1317 959 1352 1013 et
1383 950 1557 1032 episcopus
1586 947 1841 1012 abhominabilis

477 1069 653 1131 ,memoriae
676 1071 897 1151 respondebat
920 1070 976 1146 eis,
992 1071 1092 1134 ‘Non
1110 1071 1187 1134 volo
1210 1071 1392 1134 concedere
1410 1067 1505 1152 quod
1516 1071 1708 1134 concubinae
1723 1079 1842 1132 vestrae

483 1208 593 1253 neca
617 1190 711 1253 vobis
737 1211 797 1255 nec
823 1212 843 1254 a
870 1191 1025 1255 domibus
1050 1193 1168 1255 vestris
1195 1201 1388 1273 separentur
1413 1212 1474 1256 nec
1500 1191 1645 1274 separari
1671 1201 1840 1273 cogantur,

484 1310 562 1392 quia
598 1319 678 1374 tunc
713 1332 776 1395 ego
808 1324 917 1376 vester
954 1314 1128 1396 episcopus
1161 1313 1334 1395 perderem
1372 1315 1543 1378 annuatim
1582 1313 1841 1396 quadringentas

486 1449 614 1493 marcas
642 1451 725 1513 quas
752 1433 873 1514 recipio
902 1434 1074 1497 annuatim
1105 1434 1138 1496 in
1168 1434 1291 1498 diocesi
1323 1455 1397 1498 mea
1428 1454 1487 1516 pro
1517 1433 1708 1498 concubinis
1738 1453 1843 1496 sacer-

484 1551 625 1629 dotum;
660 1553 703 1615 de
729 1553 878 1634 quolibet
905 1555 992 1617 enim
1024 1554 1196 1618 sacerdote
1226 1553 1368 1636 plurium
1392 1555 1601 1618 sacerdotum
1633 1555 1754 1635 recipio
1783 1573 1843 1617 an-

485 1672 612 1736 nuatim
640 1693 740 1736 unum
768 1674 879 1737 nobile
903 1674 955 1738 vel
983 1674 1070 1738 ultra
1100 1695 1160 1757 pro
1186 1695 1246 1738 sua
1272 1675 1463 1752 concubina,
1490 1685 1525 1738 et
1551 1674 1606 1737 illa
1636 1694 1767 1736 summa
1796 1676 1843 1738 sic

482 1793 657 1856 annuatim
680 1804 812 1877 recepta
835 1794 941 1859 bursae
965 1816 1048 1859 meae
1074 1797 1246 1860 contendit
1268 1817 1304 1858 se
1328 1797 1497 1858 annuatim
1521 1795 1563 1858 ad
1586 1787 1843 1877 quadringentas

483 1931 623 1992 marcas,
654 1924 687 1978 et
725 1916 801 1979 ideo
838 1937 904 1980 non
943 1918 1020 1980 volo
1060 1938 1116 1980 eas
1155 1939 1175 1980 a
1211 1917 1307 1980 vobis
1344 1913 1508 1999 separari’
1569 1915 1615 1979 Et
1655 1917 1842 1980 sacerdotes

486 2033 644 2099 dixerunt
666 2037 823 2120 episcopo
846 2037 892 2099 illi
909 2036 1024 2102 Sancti
1044 2037 1153 2101 David
1177 2040 1209 2100 in
1226 2035 1355 2114 Wallia,
1371 2035 1423 2100 ‘O
1443 2036 1577 2099 domine
1600 2037 1762 2117 episcope,
1784 2056 1843 2098 nos

486 2162 642 2235 optamus
665 2155 738 2220 illas
760 2158 901 2240 separari
924 2178 945 2220 a
970 2158 1075 2236 nobis,
1098 2167 1132 2220 et
1154 2159 1236 2240 ipsae
1256 2157 1447 2221 concubinae
1471 2176 1536 2219 non
1559 2156 1675 2220 volunt
1698 2158 1841 2238 separari

486 2294 507 2336 a
530 2275 636 2351 nobis,
660 2296 718 2340 nec
740 2297 761 2340 a
783 2277 938 2340 domibus
962 2281 1089 2350 nostris
1115 2278 1174 2341 sed
1196 2277 1312 2340 volunt
1333 2298 1467 2341 manere
1489 2277 1523 2339 in
1545 2277 1701 2340 domibus
1724 2277 1843 2339 nostn‘s

486 2403 521 2456 et
544 2395 658 2457 nutriri
682 2397 778 2459 bonis
801 2397 929 2474 nostris,
948 2399 1096 2475 velimus,
1120 2397 1284 2473 nolimus3
1316 2407 1350 2460 et
1377 2399 1461 2475 ideo,
1487 2398 1565 2479 quia
1591 2416 1657 2458 non
1681 2397 1842 2460 audemus

487 2532 544 2576 eas
564 2516 733 2596 expellere
752 2527 888 2599 propter
912 2529 1037 2582 metum
1059 2539 1193 2582 suorum
1216 2519 1398 2581 amicorum
1423 2519 1478 2598 qui
1504 2517 1551 2580 eis
1576 2516 1689 2580 favent
1711 2527 1748 2580 ut
1772 2537 1843 2580 ma·

488 2645 588 2698 neant
613 2636 645 2697 in
671 2638 825 2700 domibus
851 2641 980 2712 nostris,
999 2639 1075 2702 ideo
1099 2657 1263 2720 rogamus,
1287 2647 1324 2701 ut
1350 2657 1410 2719 per
1432 2657 1500 2713 vos,
1519 2637 1653 2700 domine
1677 2638 1842 2718 episcope,

486 2765 680 2837 separentur
698 2777 720 2819 a
742 2757 838 2821 nobis
860 2769 894 2822 et
914 2779 934 2822 a
956 2761 1111 2823 domibus
1133 2755 1286 2822 nostrisl'
1313 2768 1347 2822 et
1367 2757 1540 2840 episcopus
1561 2757 1648 2821 dixit
1672 2758 1727 2835 eis,
1742 2756 1841 2820 ‘Non

485 2875 563 2940 volo
589 2878 787 2959 compellere
817 2900 873 2942 eas
900 2881 1042 2962 separari
1070 2895 1098 2943 a*
1115 2879 1210 2942 vobis
1236 2879 1314 2960 quia
1338 2888 1418 2942 tunc
1443 2899 1506 2959 ego
1537 2878 1710 2960 episcopus
1733 2888 1843 2942 vester

486 2998 659 3078 perderem
684 2998 794 3080 plures
816 3001 972 3082 pecunias
991 2997 1185 3064 annuatim!
1223 2999 1270 3062 Et
1291 2999 1353 3062 iste
1377 3009 1428 3063 est
1444 2999 1618 3081 episcopus
1634 2998 1688 3061 De
1710 2999 1742 3060 la
1759 2998 1841 3061 Bere

484 3119 542 3199 qui
572 3117 659 3182 male
688 3119 750 3183 fuit
780 3121 929 3201 provisus
958 3121 992 3183 in
1022 3123 1221 3184 decanatum
1251 3118 1398 3182 ecclesiae
1425 3118 1600 3182 Wellensis
1630 3137 1690 3200 per
1717 3137 1840 3200 papam

486 3235 688 3303 Nicholaum
711 3241 865 3321 quintum
888 3243 990 3306 invito
1009 3240 1155 3323 capitulo
1177 3239 1263 3303 illius
1288 3240 1442 3317 ecclesiae,
1460 3249 1511 3303 set
1533 3258 1600 3301 non
1622 3238 1666 3300 ibi
1690 3248 1841 3319 receptus

486 3357 549 3422 fuit
579 3380 619 3423 eo
650 3363 740 3442 quod
770 3363 882 3426 timuit
912 3372 1053 3425 mortem
1076 3381 1171 3425 suam
1202 3361 1327 3424 ibidem
1356 3360 1546 3433 violentam,
1574 3367 1607 3421 et
1634 3368 1752 3440 postea
1778 3357 1841 3422 suit

486 3485 630 3565 pessime
655 3501 715 3563 per
740 3483 883 3545 eundem
913 3502 1036 3565 papam
1067 3485 1215 3564 provisus
1241 3482 1274 3543 in
1297 3482 1523 3562 episcopatum
1548 3479 1783 3542 Menevensem
1807 3479 1840 3541 in

484 3604 615 3680 Wallia,
631 3624 671 3667 eo
694 3605 785 3684 quod
809 3623 868 3667 rex
884 3602 1018 3685 Angliae
1039 3604 1204 3666 Henricus
1224 3601 1357 3676 Sextus,
1376 3603 1433 3682 qui
1457 3610 1574 3683 postea
1595 3600 1657 3663 suit
1678 3598 1841 3663 alienatus

484 3747 504 3790 a
536 3733 648 3788 mente
678 3743 746 3798 sua,
774 3723 958 3787 licenciavit
989 3724 1140 3796 eundem,
1169 3722 1451 3784 eleemosinarium
1482 3739 1578 3783 suum
1606 3719 1659 3782 De
1691 3719 1722 3783 la
1747 3719 1839 3793 Bere,

485 3853 659 3928 acceptare
696 3864 793 3926 papae
830 3844 1051 3927 provisionem
1085 3845 1117 3906 in
1149 3843 1311 3905 decanatu
1344 3840 1473 3905 Welliae
1506 3851 1541 3905 et
1577 3843 1610 3905 in
1646 3841 1839 3922 episcopatu

487 3965 680 4029 Menevensi
703 3965 736 4027 in
756 3963 886 4038 Wallia,
910 3964 928 4028 i.
945 3984 973 4028 e.
989 3963 1051 4026 loci
1076 3964 1182 4026 sancti
1207 3962 1346 4025 Davidis
1369 3963 1525 4043 episcopi.

572 4094 606 4161 [p.
623 4093 692 4160 387]
728 4084 898 4166 Johannes
917 4084 1032 4166 Kemp
1055 4084 1098 4146 de
1120 4081 1254 4159 Cancia,
1275 4083 1451 4164 episcopus
1472 4079 1647 4156 Roffensis,
1666 4089 1700 4142 et
1722 4087 1840 4160 postea

486 4205 708 4284 Cicestrensis‚
724 4216 757 4271 et
781 4217 898 4288 postea
923 4204 1174 4278 Londoniensis,
1191 4211 1224 4268 et
1247 4203 1368 4266 deinde
1392 4199 1611 4265 Eboracensis
1633 4198 1702 4275 fuit,
1724 4206 1758 4261 et
1781 4217 1840 4279 per
