4338 4936
479 407 520 478 74
854 401 953 456 LOCI
978 401 1007 454 E
1036 401 1159 455 LIBRO
1195 400 1456 454 VERITATUM.

479 615 637 699 colligite
663 635 751 698 ergo,
776 614 808 680 O
833 615 1042 680 ecclesiastici
1074 623 1108 680 et
1137 612 1298 698 religiosi!
1329 613 1515 697 fragmenta
1540 614 1773 695 scripturarum
1799 619 1836 674 et

478 738 703 815 scientiarum,
734 757 776 802 ne
806 747 953 819 pereant.
998 734 1152 814 ‘Scribe'
1182 737 1288 818 inquit
1313 736 1451 818 angelus
1477 745 1610 798 sanctus
1630 733 1774 815 Johanni
1799 732 1833 794 in

479 855 685 941 Apocalipsi,
701 861 760 922 ‘ea
781 879 856 941 quae
879 855 994 923 vides.'
1037 859 1163 922 Totum
1186 859 1273 922 enirn
1297 858 1471 922 concilium
1489 856 1667 921 Basiliense
1682 855 1835 938 quaesivit

479 1000 540 1062 per
555 979 669 1044 orbem
685 999 788 1044 unum
810 979 938 1056 librum,
954 979 1051 1044 valde
1070 981 1297 1058 necessarium,
1313 981 1355 1043 de
1370 981 1473 1061 gestis
1489 979 1521 1042 in
1536 989 1686 1060 tempore
1701 988 1836 1058 aposto-

480 1099 597 1180 lorum,
613 1111 647 1165 et
664 1121 731 1166 non
751 1100 813 1166 luit
832 1110 980 1184 repertus
1003 1101 1138 1183 integer,
1153 1102 1211 1164 scd
1228 1111 1408 1184 corruptus,
1425 1102 1457 1164 in
1474 1099 1691 1164 monasteriis.
1734 1096 1835 1160 Tales

482 1221 651 1304 redarguit
667 1221 838 1298 Dominus,
854 1221 952 1287 Oseae
968 1221 1210 1304 iiij⁰capitu103
1228 1219 1405 1300 ‘Peccata’
1421 1221 1536 1304 inquit,
1556 1218 1685 1304 ‘populi
1701 1219 1765 1282 mei
1781 1238 1836 1281 co·

461 1427 466 1440 ι
483 1338 656 1420 medunt3’
675 1343 708 1405 id
723 1351 785 1418 est,
798 1343 911 1407 oblata
927 1363 987 1424 pro
997 1352 1207 1425 peccatorum
1223 1343 1376 1406 remediis
1392 1343 1562 1427 recipiunt,
1574 1353 1609 1406 et
1621 1340 1734 1404 debita
1749 1359 1838 1402 curae

483 1483 551 1526 non
567 1461 660 1528 fiunt.
707 1461 879 1545 Oquanta
901 1463 989 1527 bona
1008 1463 1192 1526 sanctitatis
1208 1463 1416 1545 provenirent
1432 1483 1476 1525 ex
1493 1462 1562 1525 istis
1577 1461 1674 1524 bonis
1689 1458 1837 1524 ecclesiae

482 1583 643 1648 annexisl
691 1581 759 1648 Sed
783 1582 867 1647 heul
892 1603 968 1648 cum
990 1584 1147 1648 sederunt
1170 1593 1311 1647 rectores
1333 1593 1367 1646 et
1391 1584 1622 1665 praedicatores
1639 1583 1839 1645 manducare

484 1713 520 1766 et
546 1703 667 1782 bibere,
692 1713 770 1768 tunc
796 1713 934 1787 surgunt
960 1703 1072 1767 ludere
1098 1713 1132 1767 et
1162 1703 1288 1786 seipsos
1315 1705 1475 1786 decipere,
1498 1713 1533 1767 et
1562 1701 1699 1766 aliorum
1726 1720 1837 1766 curam

485 1823 663 1905 negligere.
710 1822 740 1888 O
772 1835 897 1907 quanta
926 1825 1016 1888 bona
1035 1844 1146 1905 ¹opera
1176 1824 1386 1888 retrahuntur
1415 1845 1435 1887 a
1462 1844 1538 1887 cura
1568 1823 1751 1887 animarum
1780 1841 1840 1903 per

485 1943 792 2026 appropriacionem
825 1943 1034 2007 ecclesiarum
1064 1955 1098 2009 et
1127 1945 1369 2008 annexioneml
1425 1943 1514 2007 Vera
1544 1964 1621 2007 cura
1650 1943 1838 2014 destruitur,

486 2073 522 2128 et
547 2062 766 2147 hospitalitas,
791 2074 826 2128 et
855 2064 962 2128 clerici
989 2065 1179 2143 exhibendi,
1205 2076 1239 2129 et
1269 2066 1311 2128 ad
1339 2085 1433 2129 curas
1459 2065 1598 2128 vocandi
1623 2085 1644 2126 a
1670 2063 1779 2127 studio
1805 2071 1839 2126 et

486 2204 508 2247 a
530 2203 609 2248 cura
627 2185 821 2250 animarum.
867 2184 1075 2248 Sufficiencia
1097 2186 1281 2249 dotacionis
1301 2185 1446 2250 ecclesiae
1468 2185 1649 2262 deficiente,
1673 2185 1716 2246 ad
1739 2202 1840 2264 opera

488 2304 622 2370 curialia
637 2315 671 2369 et
687 2305 856 2368 mundana
870 2326 906 2368 se
922 2280 1130 2380 transferunt,
1143 2317 1178 2370 ut
1190 2307 1292 2369 vitam
1308 2327 1401 2369 suam
1418 2307 1452 2368 in
1468 2305 1644 2368 mundanis
1660 2315 1694 2368 et
1708 2303 1841 2367 caducis

488 2425 623 2490 ducant.
668 2424 840 2506 Oquanta
863 2425 951 2488 bona
969 2423 1040 2506 jam
1064 2426 1274 2490 retrahuntur
1296 2435 1330 2490 et
1352 2426 1572 2503 destruuntur,
1596 2435 1630 2488 et
1652 2433 1735 2507 quot
1754 2422 1841 2486 mala

490 2546 678 2612 nutriuntur
694 2555 727 2608 et
743 2565 809 2608 non
826 2546 1032 2609 eradicantur
1044 2567 1101 2628 per
1113 2546 1278 2610 delectum
1291 2566 1376 2611 curae
1392 2547 1575 2610 animarum
1588 2567 1662 2628 quae
1679 2545 1842 2628 praecipue

489 2665 670 2730 destruitur
690 2683 749 2748 per
768 2667 1056 2747 appropriationes
1077 2663 1305 2730 ecclesiarum!
1350 2665 1418 2731 Sed
1439 2666 1523 2730 sorte
1543 2667 1665 2742 dicunt,
1681 2665 1843 2730 ‘Oramus

491 2793 527 2848 et
547 2805 661 2867 preces
684 2797 719 2849 et
740 2795 820 2850 vota
839 2785 1006 2848 offerimus
1029 2807 1089 2868 pro
1110 2786 1231 2850 talibus
1251 2786 1457 2869 parochianis
1478 2807 1617 2868 quorum
1643 2787 1731 2849 bona
1754 2781 1841 2848 recel

492 2903 621 2990 pimus)
666 2903 733 2969 Sed
749 2906 957 2970 considerent
973 2907 1062 2988 quod
1078 2907 1179 2970 verbo
1202 2927 1262 2970 suo
1285 2917 1379 2970 orant
1396 2928 1454 2989 pro
1470 2927 1583 2970 eorum
1599 2907 1792 2980 salvacione,
1808 2915 1843 2972 et

491 3033 565 3090 turn
592 3045 650 3109 per
674 3025 839 3089 delectum
864 3047 950 3091 curae
974 3036 1009 3090 et
1034 3047 1093 3110 per
1116 3027 1339 3132 retrpxionem
1360 3027 1521 3090 bonorum
1546 3028 1691 3092 ecclesiae
1715 3028 1845 3090 destru-

493 3154 594 3224 untur
623 3154 657 3208 et
686 3146 897 3210 retrahuntur
932 3167 1034 3228 opera
1071 3149 1254 3212 necessaria
1291 3147 1388 3210 saluti
1422 3159 1555 3212 aeternae
1593 3147 1842 3228 consequendae,

492 3264 627 3343 scilicet,
651 3266 846 3348 exemplum
869 3266 965 3330 bonae
991 3267 1077 3342 vitre,
1103 3267 1253 3332 doctrina
1284 3269 1467 3332 necessaria
1489 3280 1523 3332 et
1546 3268 1644 3344 utilis,
1671 3267 1844 3331 consilium

494 3395 632 3458 rectum,
659 3397 693 3450 et
722 3387 883 3451 auxilium
913 3396 1028 3451 contra
1058 3390 1310 3469 temptaciones,
1335 3400 1369 3452 et
1396 3388 1594 3465 elemosinae,
1619 3388 1784 3451 exhibicio
1811 3398 1845 3450 et

494 3515 776 3570 sacramentorum
803 3517 894 3571 recta
919 3507 1175 3572 administracio.
1219 3506 1405 3591 Apostolus
1432 3511 1520 3573 enim
1548 3510 1695 3592 praecipit
1722 3508 1846 3572 elemo-

493 3626 601 3691 sinam
627 3627 695 3691 fieri
722 3649 766 3692 ex
793 3628 888 3691 bonis
910 3648 1009 3710 supra
1036 3630 1266 3693 necessitatem
1290 3629 1666 3712 superhabundantibus.
1712 3629 1758 3692 Et
1770 3629 1846 3692 ideo

495 3748 596 3811 verbo
617 3757 689 3812 orat
712 3769 772 3830 pro
796 3749 902 3812 salute
924 3747 1063 3812 aliorum
1088 3759 1121 3812 et
1145 3747 1232 3812 lacto
1252 3769 1313 3812 suo
1337 3751 1558 3827 destruuntur,
1580 3761 1613 3814 et
1639 3750 1847 3814 retrahuntur

494 3867 584 3932 salus
600 3870 779 3933 eorundem
795 3878 829 3933 et
845 3889 945 3951 opera
961 3867 1058 3932 saluti
1073 3880 1205 3932 aeternae
1221 3872 1402 3933 necessaria
1406 3894 1415 3943 ;
1438 3891 1522 3933 unus
1538 3891 1616 3952 ergo
1631 3869 1798 3934 aedificans
1814 3879 1848 3932 et

496 3988 580 4052 alius
595 3989 776 4068 destruens,
792 4009 866 4070 quae
886 3988 1011 4052 utilitas
1025 3989 1126 4052 verbo
1142 3989 1285 4055 aedilicat
1300 4001 1334 4054 et
1349 3990 1443 4054 lactis
1459 3992 1525 4054 suis
1540 3991 1679 4053 salutem
1697 3990 1846 4072 impedit,

496 4109 575 4188 quia
604 4129 716 4173 curam
746 4110 929 4172 animarum
960 4109 1109 4174 destruit.
1165 4109 1246 4174 ldeo
1273 4111 1426 4174 dominus
1453 4110 1700 4188 Lincolniensis,
1725 4120 1848 4174 sanctas

499 4229 666 4294 memoriae
683 4231 807 4328 doctor,
824 4240 857 4296 et
881 4230 1063 4314 episcopus,
1081 4231 1247 4296 Robertus
1263 4229 1459 4308 Grossetest‚
1478 4233 1509 4294 in
1533 4232 1755 4314 propositione
1778 4251 1847 4306 sua,
