4338 4936
484 411 523 472 16
856 417 957 472 LOCI
981 415 1011 469 E
1039 415 1164 469 LIBRO
1199 413 1455 475 VERITATUM.

482 651 642 713 magnum
675 641 709 695 et
747 651 806 714 per
835 631 961 696 Turcos
996 629 1052 713 qui
1082 630 1228 694 vicerunt
1263 631 1432 695 civitatem
1467 630 1558 718 illam
1591 641 1625 694 et
1662 629 1833 708 Graeciam,

480 761 636 816 vocantes
668 752 796 835 seipsos
828 751 953 816 ultores
986 751 1154 834 sanguinis
1188 748 1326 832 Trojani
1359 761 1394 814 et
1423 751 1573 816 inimicos
1600 751 1661 815 Xti
1696 759 1730 815 et
1760 771 1833 834 per·

480 881 648 936 secutores
672 870 943 937 Christianorum.

568 1001 602 1068 [p.
616 1001 685 1067 320]
709 993 787 1056 Non
798 992 895 1056 video
910 992 1000 1075 quod
1015 1013 1103 1076 papa
1119 993 1245 1055 exemit
1260 992 1433 1074 episcopos
1447 992 1491 1055 ab
1508 1012 1608 1055 onere
1623 992 1833 1075 praedicandi,

481 1133 542 1178 nec
560 1113 651 1196 quod
672 1112 718 1177 sic
739 1113 848 1196 potuit
867 1113 1047 1188 licenciare,
1063 1112 1116 1176 vel
1134 1133 1191 1176 eos
1213 1113 1366 1194 excipere
1381 1112 1433 1176 vel
1453 1111 1640 1177 disonerare
1660 1113 1833 1194 episcopos

480 1235 524 1298 ab
547 1242 622 1297 actu
646 1233 787 1316 publicae
806 1233 1053 1316 praedicacionis
1075 1231 1206 1316 populis
1226 1253 1359 1312 eorum;
1391 1233 1613 1316 obligaciones
1635 1233 1724 1297 enim
1748 1233 1833 1316 epis-

481 1373 639 1437 coporum
668 1354 712 1417 ad
742 1353 990 1436 praedicandum
1019 1353 1143 1438 populo
1173 1373 1234 1417 suo
1268 1353 1302 1417 in
1331 1353 1490 1433 scriptura
1520 1374 1612 1417 sacra
1641 1353 1707 1436 legi
1733 1353 1833 1436 juxta

481 1473 565 1537 illud
588 1483 792 1556 praeceptum
814 1473 909 1537 nobis
929 1474 1108 1556 praedicare
1126 1474 1250 1556 populo
1270 1483 1303 1537 et
1324 1473 1509 1552 testificare,
1524 1475 1582 1539 sed
1603 1494 1669 1537 non
1688 1473 1765 1556 lego
1788 1473 1833 1536 ibi

480 1594 749 1658 disoneraciones
771 1613 885 1657 eorum
907 1594 1026 1658 abillo
1047 1605 1125 1659 actu
1148 1594 1348 1676 praedicandi
1372 1614 1431 1658 nec
1453 1615 1567 1658 eorum
1589 1595 1633 1658 ab
1655 1593 1712 1657 illo
1735 1613 1833 1657 onere

480 1714 729 1797 adquietancias
745 1734 857 1778 coram
875 1714 958 1792 Deo,
976 1723 1014 1779 ut
1030 1714 1109 1778 mihi
1125 1715 1255 1780 videtur
1269 1715 1409 1778 Thomae
1426 1713 1613 1797 Gascoigne
1629 1713 1832 1778 Cancellario

481 1835 581 1898 studii
605 1835 827 1899 universitatis
851 1834 1004 1898 Oxoniae.

569 1960 629 2026 [ib-i
674 1955 815 2020 Noviter
847 1954 983 2018 intravit
1018 1954 1052 2017 in
1088 1953 1249 2037 Angliam
1287 1955 1478 2037 exemplum
1513 1975 1672 2037 magnum
1705 1955 1832 2038 peccati

479 2075 615 2158 quando
632 2095 720 2159 papa
739 2073 894 2139 Calixtus
911 2075 1033 2138 tercius
1053 2075 1245 2154 licenciavit,
1261 2076 1472 2158 dispensavit,
1488 2097 1544 2140 seu
1566 2076 1738 2158 dissipavit
1756 2097 1832 2140 cum

481 2217 548 2260 uno
581 2196 703 2279 juvene
738 2196 911 2260 sacerdote
949 2195 1108 2278 magistro
1143 2196 1268 2260 arcium
1307 2195 1450 2279 Georgio
1487 2196 1603 2274 Nevel,
1632 2197 1722 2278 quod
1754 2197 1835 2279 ipse,

479 2317 629 2380 existens
652 2315 769 2398 viginti
799 2316 900 2378 trium
925 2334 1087 2378 annorum
1111 2315 1164 2380 vel
1195 2317 1328 2392 circiter,
1352 2317 1490 2382 haberet
1514 2335 1630 2380 omnes
1653 2325 1833 2401 proventus

480 2447 516 2502 et
541 2436 689 2501 redditus
715 2435 925 2518 episcopatus
948 2434 1161 2514 Exoniensis,
1186 2447 1219 2500 et
1246 2438 1337 2520 quod
1361 2439 1472 2500 omnia
1498 2436 1656 2500 beneficia
1682 2457 1742 2500 sua
1767 2436 1833 2500 alia

480 2557 645 2636 retineret,
670 2576 746 2638 quae
771 2555 888 2620 habuit
913 2563 993 2619 ante
1018 2549 1109 2619 illam
1140 2555 1311 2621 licenciam
1336 2557 1499 2640 papalem,
1524 2557 1571 2621 ita
1599 2565 1713 2621 tamen
1741 2557 1834 2639 quod

481 2679 553 2761 ipse
581 2685 661 2742 ωηο
690 2696 852 2740 annorum
883 2693 923 2760 23
951 2697 1018 2740 non
1044 2685 1132 2740 esset
1159 2687 1366 2743 consecratus
1392 2679 1425 2740 in
1448 2678 1639 2762 episcopum
1662 2676 1833 2742 Exonien-

480 2817 551 2862 sem
572 2817 742 2880 quousque
761 2797 937 2880 attingeret
953 2796 1046 2878 xxvij
1063 2798 1173 2862 aetatis
1189 2817 1257 2861 suae
1272 2819 1406 2876 annum,
1421 2808 1455 2863 et
1473 2798 1520 2861 sic
1539 2818 1627 2882 papa
1646 2797 1833 2864 habilitavit

480 2939 557 2981 eum
581 2926 618 2981 ut
638 2926 810 2982 vocaretur
832 2916 956 2981 electus
978 2926 1013 2981 et
1035 2917 1248 2982 confirmatus
1272 2917 1471 2982 Exoniensis
1489 2918 1671 3000 episcopus,
1687 2927 1720 2982 et
1742 2920 1831 3002 quod

483 3038 641 3120 reciperet
662 3058 722 3121 per
739 3047 846 3101 certos
869 3057 974 3100 annos
996 3057 1111 3101 omnes
1133 3048 1312 3121 proventus
1335 3038 1422 3100 illius
1445 3038 1662 3121 episcopatus,
1684 3039 1742 3102 sed
1765 3059 1832 3104 non

482 3159 573 3242 quod
594 3167 838 3223 consecraretur
854 3158 887 3220 in
902 3158 1095 3240 episcopum
1116 3158 1203 3222 illius
1223 3159 1365 3224 civitatis
1382 3159 1582 3222 Exoniensis
1597 3180 1656 3242 per
1669 3179 1774 3222 annos
1789 3178 1832 3238 43

479 3287 516 3344 et
545 3279 620 3344 ideo
649 3299 726 3343 vere
756 3278 846 3360 quod
875 3278 944 3342 tale
973 3298 1137 3342 venenum
1173 3279 1307 3344 intravit
1337 3288 1416 3344 ωηο
1447 3279 1481 3340 in
1510 3279 1683 3343 ecclesiam
1711 3278 1832 3362 Angli-

482 3420 599 3464 canam
615 3407 733 3464 ettam
754 3418 898 3480 nequam
918 3399 1057 3480 posteris
1078 3400 1282 3480 exemplum.
1327 3398 1388 3463 Ille
1406 3400 1494 3463 enim
1510 3399 1640 3482 juvenis
1663 3397 1833 3484 Georgius,

483 3520 568 3584 filius
610 3519 744 3584 Ricardi
780 3519 911 3583 comitis
950 3517 1080 3596 Sarum,
1116 3518 1178 3584 suit
1215 3520 1405 3585 licenciatus
1443 3519 1562 3583 Romae
1598 3519 1642 3583 ad
1677 3521 1833 3602 pecunias

483 3641 693 3724 episcopatus
727 3639 927 3703 Exoniensis
961 3640 1172 3722 colligendas,
1202 3641 1261 3704 sed
1293 3660 1359 3704 non
1388 3641 1430 3704 ad
1463 3641 1591 3704 animas
1625 3639 1711 3704 illius
1746 3641 1832 3724 epis-

482 3770 621 3845 copatus
644 3761 719 3824 Deo
742 3760 953 3843 colligendas,
975 3761 1052 3844 quia
1078 3781 1165 3843 papa
1187 3759 1373 3824 habilitavit
1396 3781 1471 3823 eum
1494 3780 1554 3824 sua
1583 3760 1833 3844 dispensacione

482 3904 540 3946 seu
577 3882 711 3946 licencia
747 3890 783 3944 ut
819 3881 943 3946 fructus
978 3901 1094 3945 omnes
1129 3879 1214 3945 illius
1244 3882 1453 3966 episcopatus
1482 3882 1649 3964 reciperet,
1675 3882 1735 3945 sed
1765 3901 1832 3948 non

482 4003 572 4085 quod
598 4003 772 4084 episcopus
796 4002 890 4067 fieret
913 4023 1084 4086 quousque
1109 4002 1179 4084 ipse
1201 4013 1280 4067 ωηο
1306 4019 1346 4084 23
1369 4022 1531 4066 annorum
1554 4001 1586 4063 in
1609 4009 1709 4066 aetate
1731 4003 1831 4067 attin-

481 4131 574 4205 geret
600 4135 639 4204 27
664 4143 798 4200 annum,
821 4132 856 4188 et
882 4124 928 4187 sic
955 4123 1010 4187 alii
1041 4122 1168 4187 discent
1198 4143 1299 4205 opera
1329 4143 1387 4186 seu
1419 4120 1574 4206 exempla
1602 4121 1690 4197 talia,
1712 4132 1745 4187 et
1776 4123 1832 4188 fiet

481 4243 545 4307 hoc
568 4244 760 4326 exemplum
784 4245 923 4326 posteris
947 4245 980 4308 in
1002 4242 1204 4322 scandalum,
1220 4245 1269 4308 i.e.
1286 4243 1318 4306 in
1340 4243 1466 4306 ruinam
1489 4263 1546 4306 seu
1570 4241 1602 4304 in
1626 4241 1831 4308 occasionem
