4322 4936
479 373 540 438 182
781 435 786 445 ‚
855 387 955 442 LOCI
979 387 1010 440 E
1038 386 1163 440 LIBRO
1198 385 1456 442 VERITATUM.

476 605 514 666 ‘a
537 603 611 667 Deo
634 601 852 679 maledictus?
874 601 982 684 inquit
1003 601 1173 684 JeremiaS,
1198 601 1273 684 ‘qui
1296 601 1375 666 facit
1398 622 1482 684 opus
1505 599 1571 665 Dei
1594 599 1799 684 negligenter
1810 591 1829 674 ;'

476 721 532 786 ille
557 723 635 787 facit
663 745 748 807 opus
773 723 837 786 Dei
864 723 1069 805 negligenter
1092 723 1148 804 qui
1174 721 1277 785 tradit
1303 741 1415 784 curam
1442 721 1588 786 ecclesiae
1609 721 1662 784 vel
1684 720 1829 784 officium

475 843 653 926 regiminis,
671 865 737 909 non
760 866 836 908 cum
859 844 972 908 debita
994 844 1188 920 intencione,
1207 852 1243 907 ut
1266 842 1378 905 debite
1400 842 1610 924 perficiantur
1632 862 1732 925 opera
1753 861 1830 922 quae

476 963 571 1029 Deus
594 965 699 1030 voluit
726 966 795 1029 fieri
823 967 856 1028 in
883 963 1019 1029 ecclesia
1043 985 1100 1027 seu
1125 964 1159 1026 in
1185 962 1242 1026 illo
1268 963 1386 1026 officio
1432 963 1527 1041 Item,
1550 963 1628 1028 facit
1654 983 1738 1044 opus
1765 960 1829 1024 Dei

477 1086 683 1169 negligenter
705 1087 761 1168 qui
784 1087 926 1150 intendit
949 1084 1079 1169 placere
1100 1084 1227 1147 homini
1255 1085 1369 1165 pocius
1395 1105 1497 1166 quam
1522 1084 1605 1161 Deo,
1629 1095 1662 1148 et
1684 1083 1730 1147 sic
1752 1081 1830 1145 facit

477 1205 533 1268 ille
559 1207 614 1288 qui
645 1215 757 1290 potest
783 1205 930 1271 conferre
960 1206 1104 1269 officium
1135 1205 1280 1268 ecclesiae
1311 1202 1472 1280 habiliori,
1498 1214 1532 1267 et
1560 1213 1673 1268 tamen
1703 1201 1830 1266 confert

476 1327 586 1390 minus
611 1325 726 1390 habili.
769 1325 807 1392 Si
832 1325 920 1390 enim
946 1326 1058 1389 Deum
1089 1334 1177 1389 recte
1204 1325 1364 1407 diligeret,
1387 1324 1433 1388 illi
1465 1323 1636 1388 ecclesiam
1666 1323 1830 1388 conferret

477 1466 577 1529 quem
607 1448 669 1511 scit
692 1447 746 1510 vel
775 1448 880 1512 credit
906 1447 996 1530 quod
1024 1445 1141 1509 melius
1168 1446 1243 1510 Deo
1272 1445 1426 1528 placeret,
1452 1455 1486 1509 et
1516 1445 1641 1528 majora
1671 1454 1705 1508 et
1734 1443 1830 1526 plura

475 1567 567 1631 bona
595 1567 765 1650 perficeret
795 1588 906 1632 coram
937 1567 1012 1630 Deo
1043 1567 1076 1630 in
1106 1567 1215 1648 seipso
1246 1576 1280 1631 et
1309 1566 1342 1628 in
1372 1565 1454 1630 aliis.
1500 1565 1623 1629 Fidelis
1652 1585 1765 1628 servus
1795 1575 1829 1628 et

476 1688 623 1769 prudens
644 1697 731 1752 esset
751 1707 851 1770 quem
870 1686 971 1750 homo
989 1686 1205 1750 constitueret
1224 1706 1323 1768 super
1340 1685 1500 1748 familiam
1519 1686 1655 1749 Domini
1675 1685 1738 1748 Dei
1761 1685 1830 1748 sive

475 1808 511 1870 in
535 1807 694 1890 regimine
716 1807 829 1890 populi
853 1808 927 1886 Dei,
948 1815 984 1870 ut
1008 1816 1150 1871 testatur
1173 1806 1337 1869 Dominus
1362 1806 1463 1884 Deus,
1483 1806 1581 1870 Matr.
1603 1823 1654 1883 24.
1699 1805 1828 1870 Tamen

476 1928 658 2011 aliquando
687 1949 836 2010 personae
866 1928 971 1991 abiles
1001 1927 1166 2010 eliguntur
1194 1928 1238 1991 ad
1271 1927 1378 1990 officia
1410 1927 1443 1990 in
1474 1927 1611 1991 ecclesia
1641 1936 1675 1991 et
1704 1927 1828 2009 populo

476 2050 623 2130 regendo
654 2050 731 2131 quia
764 2068 830 2112 non
861 2048 1068 2130 reperiuntur
1101 2047 1287 2126 habiliores,
1317 2048 1403 2111 sicut
1435 2048 1468 2112 in
1498 2047 1587 2111 bello
1617 2056 1829 2110 assumuntur

475 2169 630 2235 forciores
653 2178 687 2233 et
709 2169 811 2233 fortes
826 2171 904 2253 quia
927 2153 993 2232 non
1016 2177 1094 2232 sunt
1116 2178 1168 2232 tot
1190 2169 1250 2233 viri
1272 2169 1428 2234 forciores
1451 2181 1533 2251 quot
1556 2180 1632 2234 sunt
1655 2169 1829 2232 necessarii

476 2291 665 2355 bellatores.

578 2421 617 2488 [p.
644 2420 716 2487 438]
770 2411 827 2477 Sic
858 2412 928 2494 jam
962 2413 989 2475 si
1027 2413 1144 2476 doctor
1180 2413 1339 2495 praedicet
1378 2413 1509 2496 regibus
1547 2424 1580 2478 et
1617 2413 1761 2478 dominis
1794 2422 1828 2476 et

475 2532 649 2616 episcopis,
673 2541 710 2596 ut
738 2531 862 2596 faciant
892 2532 1149 2610 archidiaconos
1175 2534 1360 2612 canonicos
1388 2544 1422 2597 et
1448 2545 1600 2612 rectoreS,
1623 2546 1657 2599 et
1681 2533 1828 2612 vicarios,

476 2653 534 2734 qui
565 2662 737 2717 manerent
766 2653 799 2715 in
830 2653 946 2717 officiis
975 2655 1123 2736 ipsorum
1155 2653 1375 2734 dominorum,
1407 2657 1499 2718 exire
1528 2677 1549 2718 a
1578 2656 1669 2718 curia
1701 2675 1762 2719 sua
1793 2663 1828 2718 et

475 2772 646 2836 dimittere
679 2771 736 2835 illa
768 2772 884 2851 officia,
910 2783 947 2838 ut
978 2773 1116 2856 vigilent
1149 2795 1249 2856 super
1282 2794 1418 2857 gregem
1452 2775 1500 2838 eis
1534 2777 1756 2851 commissum,
1790 2784 1829 2840 ut

475 2892 600 2958 subditi
626 2893 678 2955 sui
701 2901 789 2957 recte
813 2893 888 2957 Deo
914 2893 1109 2974 sacrificent,
1132 2915 1214 2958 mox
1236 2897 1429 2973 irascuntur,
1451 2904 1486 2958 et
1512 2896 1648 2964 dicunt:
1689 2895 1827 2960 ‘Licen-

475 3015 562 3077 ciam
588 3012 696 3076 habeo
723 3035 744 3076 a
768 3035 856 3097 papa
881 3015 925 3078 ad
953 3015 1162 3079 retinendum
1189 3035 1320 3079 mecum
1347 3035 1430 3097 quos
1456 3015 1542 3094 volo,
1565 3036 1632 3079 non
1658 3016 1826 3080 dimittam

475 3153 556 3216 ergo
580 3134 754 3217 episcopos
779 3154 839 3199 nec
865 3134 949 3198 alios
975 3133 1124 3215 curatos,’
1148 3136 1301 3217 inquiunt
1327 3157 1421 3218 reges
1450 3146 1484 3200 et
1511 3137 1648 3212 domini,
1676 3139 1714 3200 ‘a
1737 3138 1827 3200 curia

477 3275 553 3318 mea
564 3251 582 3333 ;’
612 3254 677 3318 illis
704 3254 792 3318 enim
817 3257 963 3320 serviunt
985 3256 1057 3338 jam
1080 3257 1226 3340 episcopi
1254 3265 1287 3320 et
1310 3259 1422 3339 magni
1446 3258 1601 3334 officiarii,
1624 3258 1766 3322 vivendo
1792 3259 1825 3320 in

474 3376 573 3440 curiis
595 3377 638 3439 de
660 3377 798 3440 decimis
820 3388 853 3442 et
880 3376 1108 3441 oblacionibus
1134 3377 1357 3441 ecclesiarum.
1403 3377 1501 3442 Unus
1531 3379 1620 3442 enim
1648 3377 1826 3462 archiepis·

475 3517 579 3579 copus
609 3506 643 3560 et
672 3497 703 3580 vj
737 3499 882 3581 episcopi
909 3479 980 3581 jam
1010 3519 1069 3583 per
1098 3498 1208 3581 plures
1241 3518 1346 3562 annos
1376 3519 1443 3562 non
1474 3509 1665 3564 manserunt
1694 3501 1728 3562 in
1759 3501 1827 3564 suis

475 3619 570 3694 curis,
587 3637 648 3682 nec
670 3639 773 3701 opera
796 3639 882 3683 curae
905 3641 974 3683 suae
997 3619 1165 3698 fecerunt;
1189 3621 1247 3682 sed
1267 3628 1459 3684 manserunt
1476 3619 1529 3683 vel
1551 3621 1584 3683 in
1608 3621 1709 3684 domo
1731 3622 1827 3684 unius

475 3739 571 3822 regis,
596 3739 649 3802 vel
678 3739 711 3803 in
742 3740 856 3804 officiis
885 3742 982 3822 regis,
1008 3751 1042 3804 et
1071 3741 1118 3804 sic
1148 3741 1288 3822 dispersi
1318 3751 1396 3804 sunt
1428 3741 1556 3823 lapides
1586 3742 1763 3806 sanctuarii
1792 3743 1826 3805 in

476 3859 591 3923 mundi
613 3859 867 3924 solicitudinem.

577 3990 615 4058 [p.
634 3990 706 4056 445·]
752 3979 983 4060 Consimiliter,
1012 3982 1166 4046 solebant
1188 3982 1344 4048 doctores
1367 3982 1561 4066 Theologiae
1586 3983 1731 4049 Oxoniae
1754 3981 1827 4046 nul·

475 4102 543 4164 lam
564 4101 783 4183 quaestionem
806 4103 1042 4186 disputandam
1065 4105 1098 4167 in
1120 4103 1218 4168 scolis
1234 4105 1378 4170 Oxoniae
1401 4127 1594 4188 proponere,
1610 4105 1671 4168 nisi
1693 4113 1826 4168 textum

476 4221 620 4304 aliquem
657 4223 835 4306 Scripturae
866 4244 978 4304 sacrae,
1012 4235 1101 4308 puta,
1132 4235 1241 4290 utrum
1273 4227 1385 4292 ‘Deus
1418 4236 1567 4292 nostrum
1598 4224 1759 4310 refugium
1793 4234 1827 4289 et
