4378 4936
722 393 823 448 Locr
847 393 876 446 E
904 393 1030 448 LIBRO
1063 394 1324 450 VERITATUM.
1643 403 1702 466 129

350 605 415 668 illae
444 606 583 671 talliatae
609 616 704 672 erunt
733 608 767 671 in
797 607 896 672 feodo
926 607 1066 691 simplici
1095 608 1166 672 viro
1192 608 1237 672 illi
1263 609 1319 690 qui
1350 607 1512 672 mutuavit
1539 605 1703 690 pecunias,
1755 671 1758 680 ,

350 736 384 790 et
402 725 509 792 haeres
528 728 580 792 cui
603 739 699 793 terrae
717 727 855 794 talliatae
878 730 944 794 sint
962 729 1009 792 sic
1032 728 1154 812 injuste
1176 727 1365 793 excluditur
1382 751 1403 792 a
1421 749 1482 792 sua
1499 728 1703 792 haereditate.

350 847 431 912 ‘Vae
455 845 519 912 illi!
550 870 609 932 per
631 869 731 932 quem
755 849 949 914 scandalum
966 848 1075 928 venit,'
1099 849 1119 914 i.
1132 871 1161 913 e.
1186 849 1315 914 occasio
1336 849 1422 914 tanti
1449 849 1536 928 mali,
1563 857 1601 912 ut
1624 868 1704 912 exe-

350 977 472 1050 quatur
496 969 624 1034 talliare
652 979 765 1046 terras,
797 981 832 1035 et
857 970 1030 1034 dominum
1061 970 1118 1052 qui
1148 979 1200 1035 est
1229 970 1263 1033 in
1292 969 1392 1034 ieodo
1421 968 1562 1052 simplici
1591 978 1705 1046 terras,

350 1109 433 1170 quas
464 1089 534 1173 ipse
563 1090 667 1156 habet
697 1091 767 1154 sine
797 1091 996 1169 conditione,
1021 1091 1102 1154 dare
1131 1111 1206 1154 cum
1233 1089 1435 1168 condicione,
1458 1089 1583 1154 scilicet
1614 1089 1703 1170 quod

350 1211 434 1276 tales
456 1221 491 1276 ct
512 1212 598 1277 tales
618 1211 765 1277 habeant
787 1220 864 1294 post
886 1232 962 1274 eum
985 1221 1090 1276 terras
1112 1210 1196 1274 illas.

436 1343 474 1410 [p.
501 1342 551 1409 14·]
597 1333 856 1417 Exposicionem
879 1333 1036 1416 scriptam
1060 1354 1160 1398 manu
1184 1335 1317 1416 propria
1340 1333 1442 1417 ipsius
1464 1333 1590 1398 domini
1613 1331 1705 1414 Lyn-

350 1455 513 1518 coniensis
548 1454 693 1519 doctoris
731 1453 870 1518 Roberti
909 1452 1127 1532 Grosseteste,
1162 1473 1225 1536 ego
1255 1453 1404 1518 Thomas
1437 1453 1632 1537 Gascoigne‚
1672 1453 1705 1514 in

351 1575 553 1639 Eboracensi
583 1575 706 1639 diocesi
737 1575 769 1638 in
801 1575 926 1656 Anglia
956 1585 1062 1652 natus,
1091 1575 1160 1638 vidi
1191 1574 1345 1653 Oxoniae,
1375 1596 1462 1639 anno
1493 1575 1630 1638 Domini
1657 1579 1705 1636 m⁰

350 1818 501 1881 ordinem
517 1818 685 1882 literarum
700 1817 869 1902 alphabeti
891 1817 1011 1880 librum
1032 1838 1090 1880 seu
1109 1817 1268 1898 scriptum
1284 1817 1326 1880 de
1344 1817 1539 1881 veritatibus
1561 1815 1709 1880 collectis

352 1959 397 2001 ex
418 1959 510 2002 sacra
531 1938 692 2022 scriptura
715 1949 748 2003 et
771 1961 816 2003 ex
839 1940 968 2021 scriptis
990 1948 1181 2002 sanctorum
1205 1947 1238 2002 et
1261 1939 1445 2001 doctorum.

438 2069 476 2136 [p.
503 2068 553 2133 18.]
598 2067 762 2124 Licentia.
818 2059 855 2124 Si
888 2059 974 2123 sorte
1002 2059 1094 2134 dicis,
1125 2059 1216 2141 Papa
1247 2058 1419 2120 Romanus
1455 2057 1616 2122 concessit
1645 2057 1705 2121 tibi

352 2181 518 2245 licentiam
540 2181 665 2264 aliquid
685 2180 826 2245 faciendi
849 2179 904 2244 vel
931 2200 998 2244 non
1024 2179 1178 2256 faciendi,
1204 2200 1262 2242 seu
1289 2180 1333 2243 ad
1355 2179 1480 2261 aliquid
1506 2179 1706 2256 habendum,

351 2303 442 2384 quod
470 2301 649 2365 desideras.
703 2300 947 2383 Respondetur,
973 2301 1084 2382 potius
1114 2299 1390 2364 considerandum
1413 2308 1464 2362 est
1493 2298 1585 2375 illud,
1615 2299 1706 2382 quod

351 2443 439 2506 papa
459 2423 520 2488 tibi
545 2423 707 2488 concessit
726 2443 828 2505 quam
850 2422 925 2504 quis
947 2421 1028 2485 illud
1052 2422 1113 2486 tibi
1136 2421 1307 2500 concessit,
1323 2431 1356 2485 et
1379 2441 1468 2504 papa
1487 2429 1599 2504 potest
1619 2419 1707 2484 male

351 2553 386 2608 et
409 2565 542 2610 erronee
566 2545 742 2622 informari,
757 2554 791 2609 et
815 2544 861 2608 sic
884 2544 1033 2627 ignorare
1053 2544 1227 2608 veritatem
1249 2551 1283 2607 et
1304 2564 1410 2607 errare
1431 2545 1463 2606 in
1484 2543 1706 2620 concedendo,

351 2675 385 2730 et
412 2666 487 2730 ideo
512 2667 646 2742 diceret,
669 2666 753 2730 sicut
779 2664 866 2730 dixit
890 2664 1033 2728 Sanctus
1055 2664 1171 2728 Petrus
1193 2674 1229 2729 et
1254 2665 1364 2728 caeteri
1389 2663 1532 2747 apostoli
1555 2663 1708 2728 Actuum

351 2788 460 2869 primo
481 2795 568 2870 cap⁰.
589 2787 742 2865 ...‘Tu,
766 2785 920 2864 Domine,
943 2785 999 2868 qui
1022 2787 1130 2863 corda,
1153 2782 1226 2850 etc.’

437 2918 471 2985 [p.
499 2917 551 2986 ¹9·]
598 2907 823 2972 Consimiliter
852 2907 1130 2971 considerandum
1157 2917 1208 2971 est
1239 2909 1358 2990 potius,
1385 2930 1459 2991 quae
1490 2929 1578 2992 papa
1605 2907 1707 2972 vellet

351 3031 394 3093 ad
417 3031 558 3095 salutem
582 3032 767 3095 animarum
792 3039 826 3094 et
852 3031 895 3093 ad
922 3029 1047 3093 cultum
1073 3029 1138 3092 Dei
1164 3030 1457 3113 augmentandum,
1482 3031 1600 3113 potius,
1620 3030 1704 3102 dien,

351 3160 402 3215 est
423 3151 486 3216 hoc
509 3153 796 3227 considerandum,
812 3171 913 3233 quam
937 3151 1016 3233 quid
1032 3150 1113 3215 vult.
1152 3149 1290 3233 Cogitur
1305 3152 1394 3216 enim
1413 3151 1536 3235 pluries
1552 3151 1706 3214 dominus

351 3292 438 3355 papa
463 3283 497 3338 et
524 3273 634 3336 nimiis
660 3273 826 3337 instantiis
851 3292 975 3354 regum,
1001 3283 1035 3336 et
1061 3271 1280 3348 dominorum,
1309 3282 1344 3337 et
1367 3294 1457 3355 saepe
1480 3270 1705 3346 cardinalium,

351 3402 385 3457 et
407 3393 707 3473 referendariorum,
723 3393 818 3476 plura
834 3394 1015 3457 concedere
1038 3414 1113 3475 quae
1133 3414 1200 3456 non
1217 3392 1347 3475 judicat
1366 3415 1411 3458 ex
1431 3395 1593 3478 scriptura
1613 3413 1707 3456 sacra

352 3535 412 3579 nec
434 3537 480 3579 ex
502 3516 632 3579 racione
655 3535 746 3579 mera
768 3514 838 3578 lore
860 3514 1082 3592 concedenda,
1105 3535 1165 3578 nec
1188 3515 1301 3578 divino
1319 3514 1445 3597 judicio
1467 3535 1621 3579 consona.

438 3644 472 3712 [p.
490 3645 542 3709 aa]
587 3635 618 3701 Ο
640 3636 786 3700 Domine
806 3636 920 3700 Deusl
944 3637 1089 3700 concede
1112 3646 1149 3700 ut
1171 3637 1310 3700 vicarius
1331 3647 1416 3715 tuus,
1431 3635 1585 3700 dominus
1607 3655 1705 3718 papa,

350 3757 465 3821 videat
490 3767 572 3839 quot
597 3778 719 3840 magna
742 3757 831 3820 mala
857 3767 1041 3840 sequuntur
1067 3758 1102 3820 in
1125 3757 1274 3840 pluribus
1298 3759 1378 3823 locis
1405 3768 1438 3822 et
1464 3756 1631 3822 abbathiis
1660 3779 1705 3822 ex

350 3877 530 3962 privilegiis
564 3879 610 3943 eis
643 3879 816 3957 concessis,
848 3887 882 3942 et
915 3878 1064 3957 licentiis,
1095 3890 1130 3945 et
1160 3881 1325 3963 praecipue
1355 3882 1388 3944 in
1418 3879 1563 3944 ecclesiis
1592 3879 1706 3945 cathe-

350 3999 505 4075 dralibus,
529 3999 707 4082 inquibus
733 4000 851 4064 decani
874 4009 909 4064 et
931 4002 1150 4084 praebendarii
1173 4023 1240 4066 non
1265 4003 1426 4066 obediunt
1452 4003 1609 4086 episcopo
1636 4023 1705 4082 suo,

352 4140 413 4185 nec
439 4141 500 4204 per
528 4141 606 4184 eum
631 4121 749 4186 volunt
773 4122 907 4196 visitari,
939 4143 1000 4187 nec
1026 4124 1153 4207 corrigi,
1176 4124 1360 4208 allegantes
1389 4144 1486 4188 usum
1515 4145 1704 4208 perversum

352 4241 385 4304 in
427 4243 626 4307 contrarium
666 4242 766 4308 luisse
811 4243 1003 4322 admissum,
1046 4255 1080 4309 et
1125 4246 1226 4312 etiam
1267 4246 1438 4330 privilegia
1481 4248 1614 4330 papalia
1658 4248 1705 4322 eis

1018 4363 1035 4410 s
