4322 4936
461 410 534 473 '204
846 403 945 461 LOCI
969 401 998 458 E
1026 402 1151 459 LIBRO
1186 399 1445 459 VERITATUM.

469 629 587 685 contra
616 618 832 684 Edmundum
865 619 1060 702 pradictum
1090 629 1169 684 tunc
1205 620 1238 684 in
1268 618 1402 684 civitate
1433 613 1546 684 Sancti
1577 616 1700 682 Albani
1734 615 1822 682 exis·

470 750 608 820 tentem,
622 741 739 806 volens
757 741 870 824 pocius
892 741 984 804 illum
1008 741 1126 806 ducem
1149 741 1222 824 capi
1245 761 1347 824 quam
1368 741 1512 822 seipsum
1536 740 1655 805 ducem
1672 739 1820 804 Eborum

470 871 505 926 et
530 883 608 927 suos
633 883 694 946 per
723 862 832 946 ipsum
862 862 981 927 ducem
1012 861 1223 926 Somersetiae
1253 861 1327 944 capi
1357 871 1392 925 et
1422 861 1550 940 occidi;
1582 871 1617 927 et
1646 881 1745 924 nemo
1774 859 1819 923 ibi

465 982 631 1064 spoliatus
648 982 720 1058 ruit
749 983 846 1048 bonis
875 984 943 1046 suis
972 1003 1031 1066 per
1059 1001 1255 1048 consensum
1289 983 1391 1065 ipsius
1421 983 1523 1058 ducis,
1553 983 1611 1046 sed
1646 984 1717 1047 sine
1750 977 1821 1063 ejus

463 1123 642 1176 consensu,
664 1113 701 1168 ut
723 1103 833 1168 audivi
856 1125 901 1168 ex
919 1104 1029 1186 dignis
1049 1103 1218 1186 personis:
1243 1111 1277 1168 et
1302 1103 1365 1166 iste
1384 1103 1456 1166 dux
1478 1103 1628 1182 Eboraci,
1650 1102 1822 1178 Ricardus,

471 1243 531 1305 per
556 1223 810 1307 parliamentum
838 1223 1030 1302 Londoniis,
1054 1223 1179 1304 habuit,
1201 1242 1276 1288 cum
1302 1222 1547 1287 adhaerentibus
1576 1223 1644 1287 suis
1673 1224 1706 1286 in
1732 1222 1821 1288 bello

470 1345 561 1427 apud
584 1342 747 1410 Sanctum
771 1343 952 1424 Albanum,
975 1345 1157 1428 perdonam
1179 1365 1237 1408 seu
1262 1342 1505 1426 indulgenciam
1529 1343 1573 1408 de
1599 1345 1753 1407 omnibus
1775 1343 1820 1406 ibi

471 1466 505 1528 in
531 1463 620 1530 bello
644 1465 749 1545 sactis,
775 1477 809 1530 et
833 1467 860 1529 si
884 1487 960 1549 quae
986 1466 1031 1530 ibi
1055 1466 1187 1530 fuerunt
1212 1465 1300 1530 sacta
1329 1485 1389 1548 pro
1415 1464 1536 1547 quibus
1561 1465 1680 1548 aliquis
1704 1465 1737 1528 in
1764 1465 1821 1528 illo

470 1584 560 1650 bello
581 1595 661 1651 tunc
684 1587 832 1652 existens
858 1587 963 1652 voluit
985 1597 1101 1671 postea
1124 1589 1158 1652 in
1176 1586 1249 1669 jure
1271 1586 1429 1670 placitare
1446 1585 1499 1649 vel
1521 1587 1690 1668 querelam
1713 1585 1822 1650 lacere

469 1715 585 1770 contra
613 1707 722 1790 ipsum
751 1709 878 1785 ducem,
902 1709 954 1772 vel
978 1718 1094 1774 contra
1122 1707 1268 1791 aliquem
1294 1705 1396 1770 alium
1422 1725 1534 1771 secum
1560 1708 1761 1771 existentem
1787 1709 1820 1770 in

469 1827 558 1892 bello
588 1826 647 1892 illo
676 1829 766 1911 apud
797 1827 958 1894 Sanctum
988 1829 1169 1908 Albanum,
1199 1837 1233 1893 et
1270 1829 1342 1910 ipso
1379 1827 1464 1891 duce
1493 1826 1636 1892 Eboraci
1670 1829 1821 1893 instituto

470 1957 655 2032 protectore
682 1952 773 2034 regni
799 1949 934 2034 Angliae
961 1971 1020 2034 per
1044 1949 1300 2033 parliamentum
1327 1947 1509 2012 Londoniis
1536 1969 1596 2033 pro
1622 1950 1717 2016 annis
1743 1957 1822 2015 tunc

469 2072 596 2152 tuturis,
625 2072 739 2157 regina
769 2071 913 2154 Angliae,
944 2071 1141 2154 Margareta‚
1171 2090 1245 2134 cum
1283 2091 1349 2152 qua
1386 2069 1467 2133 nihil
1503 2071 1666 2136 bonorum
1696 2071 1822 2156 Anglia

465 2198 601 2279 recepit,
623 2195 681 2260 sed
704 2193 928 2277 perdicionem
954 2190 1190 2256 Cenomanniae
1214 2200 1247 2255 et
1267 2190 1485 2274 Andagaviae,
1511 2214 1595 2276 quas
1621 2204 1724 2258 terras
1750 2215 1821 2258 ma·

469 2318 551 2382 ritus
572 2337 660 2394 suus,
677 2315 842 2379 Henricus
857 2312 991 2392 Sextus,
1009 2312 1103 2376 dedit
1125 2313 1158 2375 in
1178 2321 1383 2395 perpetuum,
1399 2315 1461 2378 sub
1481 2335 1541 2378 suo
1561 2315 1670 2398 sigillo
1691 2335 1821 2399 magno,

468 2438 555 2519 patri
582 2437 712 2519 reginae,
735 2434 897 2498 laboravit
926 2434 973 2497 sic
998 2454 1058 2516 per
1079 2454 1116 2497 se
1142 2443 1177 2510 et
1203 2455 1262 2517 per
1283 2443 1420 2498 caeteros
1451 2435 1612 2514 dominos,
1638 2439 1695 2519 qui
1724 2445 1820 2518 puta·

468 2559 590 2624 bantur
612 2557 691 2622 mali
715 2556 840 2620 domini
864 2555 898 2619 in
914 2575 1024 2637 regno,
1039 2555 1129 2637 quod
1148 2554 1203 2618 ille
1223 2556 1294 2620 dux
1319 2556 1444 2620 dimisit
1465 2559 1697 2622 auctoritatem
1716 2577 1819 2632 suam,

469 2699 570 2761 quam
600 2679 854 2761 parliamentum
885 2687 994 2741 totum
1018 2675 1202 2740 Londoniis
1232 2677 1340 2741 eidem
1367 2678 1443 2742 duci
1473 2690 1678 2744 concesserat
1708 2681 1820 2763 prius3

344 2783 349 2800 ⁶
468 2809 502 2863 et
521 2810 600 2864 tunc
621 2799 677 2864 illa
698 2801 811 2883 regina
831 2799 933 2864 traxit
954 2798 998 2862 ad
1018 2797 1128 2862 locum
1145 2798 1324 2861 mansionis
1344 2819 1422 2876 suae,
1438 2800 1470 2861 in
1491 2801 1650 2865 comitatu
1668 2799 1819 2886 Chestyr,

468 2931 539 2984 tam
560 2939 671 3003 regem
695 2919 878 2985 Henricum
899 2919 1042 2985 Sextum
1066 2937 1166 3001 quam
1191 2917 1372 3000 principem
1396 2919 1535 2982 duorum
1563 2921 1614 2984 vel
1640 2925 1740 2987 trium
1762 2943 1820 2988 an·

467 3061 596 3122 norum,
626 3052 661 3106 et
697 3018 777 3106 tund
813 3044 886 3126 ipsa
915 3043 961 3105 sic
992 3041 1150 3124 regnavit,
1177 3059 1265 3102 anno
1297 3039 1357 3102 Xti
1396 3040 1486 3118 1456,
1516 3045 1605 3124 quod
1637 3048 1820 3111 secundum

467 3163 673 3228 voluntatem
697 3164 799 3246 ipsius
828 3163 950 3246 reginae
980 3161 1074 3244 quasi
1103 3169 1176 3225 tota
1206 3161 1344 3243 negocia
1374 3163 1464 3244 regni
1494 3162 1582 3228 saeta
1604 3165 1736 3230 luerunt
1762 3188 1821 3250 per

468 3283 519 3347 ias
541 3283 594 3348 vel
625 3302 684 3364 per
710 3283 845 3367 nephas,
875 3292 911 3347 ut
938 3283 1110 3347 dicebatur
1136 3303 1156 3345 a
1180 3281 1327 3345 diversis.
1374 3281 1490 3364 Qualis
1516 3283 1590 3348 finis
1616 3287 1678 3351 erit
1701 3287 1819 3352 horum

468 3403 562 3468 Deus
587 3405 659 3484 scit,
683 3405 740 3488 qui
766 3405 878 3469 omnia
903 3405 1016 3468 novit:
1040 3402 1136 3466 ‘Fiat
1161 3401 1316 3467 voluntas
1339 3402 1412 3482 Dei,
1434 3403 1519 3468 sicut
1543 3403 1576 3468 in
1599 3406 1693 3487 coelo,
1715 3409 1819 3473 eciam

468 3524 503 3588 in
525 3533 613 3590 terra
635 3523 714 3590 fiat?

555 3645 712 3731 Regnum
737 3645 873 3729 Angliae
901 3644 1172 3721 Cenomanniam‚
1199 3644 1218 3706 i.
1236 3665 1265 3708 e.
1292 3643 1427 3708 Malkus
1451 3641 1587 3734 (supra),
1615 3657 1648 3712 et
1675 3649 1820 3731 perdidit

468 3763 712 3851 Andegaviam‚
735 3767 793 3832 ie.
813 3765 968 3847 Awnioy,
990 3766 1024 3828 in
1048 3774 1199 3848 tempore
1223 3764 1358 3830 Henrici
1385 3765 1492 3846 Sexti,
1513 3770 1599 3852 regis
1619 3767 1763 3852 Angliae‚
1785 3779 1819 3834 et

467 3888 516 3952 sic
545 3897 784 3972 consequenter
813 3887 957 3970 perdidit
988 3885 1229 3949 Normanniam
1262 3896 1295 3951 et
1328 3887 1356 3948 F
1358 3889 1501 3952 ranciam
1533 3899 1567 3953 et
1595 3889 1819 3970 Vasconiam;

468 4014 504 4069 et
525 4024 626 4071 causa
648 4004 845 4088 perdicionis
873 4001 1118 4080 Cenomanniae,
1145 4003 1163 4065 i.
1178 4025 1206 4068 e.
1226 4002 1379 4087 Awnioy,
1404 4005 1477 4068 haec
1501 4005 1571 4082 tuit,
1596 4007 1675 4089 quia
1692 4006 1819 4072 Willel·

468 4144 543 4188 mus
565 4124 655 4204 Pulc,
677 4146 789 4192 comes
812 4123 982 4206 quondam
1007 4121 1246 4200 Sowthlolkiae,
1268 4134 1301 4188 et
1325 4125 1494 4190 ordinatus
1517 4127 1588 4190 dux
1611 4137 1646 4192 et
1673 4127 1819 4192 marchio

468 4243 701 4328 Sowthfolciae,
730 4248 864 4312 nomine
892 4246 1117 4329 procuratorio
1148 4244 1296 4328 ejusdem
1327 4247 1411 4330 regis
1438 4245 1581 4332 Angliae,
1605 4249 1819 4333 desponsavit
