4378 4936
493 391 553 457 106
865 395 964 452 LOCI
990 395 1018 454 E
1047 395 1171 452 LIBRO
1207 395 1462 456 VERITATUM.

491 614 661 699 quondam
686 614 718 677 in
739 613 896 696 Nubrige,
914 612 1043 678 solebat
1069 613 1187 693 dicere,
1201 615 1336 697 quando
1359 613 1421 678 fuit
1444 622 1555 678 motus
1578 633 1635 677 seu
1660 623 1844 696 temptatus

489 736 535 801 ad
557 736 779 819 peccandum:
804 735 854 800 ‘O
870 732 1065 817 peccatum!
1090 745 1216 818 quanta
1237 736 1364 801 solvam
1383 756 1444 818 pro
1466 745 1510 812 te,
1526 735 1554 798 si
1574 745 1609 800 te
1629 735 1794 818 recipiam,
1810 745 1845 800 et

384 853 388 862 “
490 857 553 922 tibi
575 855 804 933 consenciam;
829 855 957 919 solvam
983 877 1044 938 pro
1066 867 1110 934 te,
1134 866 1168 922 et
1194 856 1303 940 patiar
1324 878 1384 939 pro
1406 866 1441 922 te
1464 865 1610 940 peccato,
1633 857 1660 920 si
1683 857 1744 920 tibi
1766 876 1845 920 con·

489 975 645 1052 senciam,
676 975 860 1040 carenciam
889 976 1009 1059 graciae
1039 977 1105 1041 Dei
1135 986 1170 1041 et
1198 976 1311 1060 gloriae
1341 986 1482 1054 aeternae,
1512 987 1547 1042 et
1576 976 1671 1060 plura
1700 975 1846 1060 poenalia

490 1097 600 1181 patiar
618 1116 679 1178 pro
701 1105 756 1160 te:
780 1095 857 1161 nolo
878 1116 966 1179 ergo,
990 1096 1020 1162 Ο
1041 1104 1232 1179 peccatum!
1255 1097 1382 1162 solvere
1404 1107 1456 1162 tot
1476 1106 1511 1162 et
1531 1106 1626 1162 tanta
1648 1118 1709 1181 pro
1730 1106 1766 1162 te
1786 1096 1845 1160 ha-

491 1217 612 1293 bendo,
635 1225 687 1281 tot
709 1216 797 1280 enim
821 1215 908 1281 mala
933 1225 966 1282 et
993 1218 1139 1299 poenalia
1161 1218 1288 1282 solvam
1313 1239 1374 1302 pro
1395 1227 1430 1282 te
1456 1227 1603 1301 peccato,
1627 1227 1662 1283 et
1683 1227 1735 1281 tot
1758 1217 1846 1282 maia

492 1338 662 1402 sustinebo
681 1357 740 1421 pro
760 1345 803 1416 te,
817 1338 845 1400 si
865 1337 927 1401 tibi
948 1339 1177 1418 consenciam;
1200 1339 1278 1403 nolo
1298 1361 1386 1422 ergo,
1404 1339 1435 1404 Ο
1452 1342 1645 1422 peccatum!
1668 1337 1791 1402 habere
1811 1347 1846 1402 te

491 1479 552 1524 nec
575 1479 686 1522 emere
707 1467 743 1523 te
764 1467 835 1523 tam
859 1478 981 1540 magno
1005 1469 1131 1524 ettam
1155 1480 1232 1524 caro
1255 1457 1382 1544 pretio.’
1437 1461 1522 1525 Haec
1548 1459 1635 1524 dixit
1660 1458 1714 1522 ille
1739 1459 1846 1522 bonus

491 1577 679 1643 Willelmus
702 1579 745 1642 de
767 1579 919 1662 Nubrige
941 1579 1027 1643 circa
1049 1600 1174 1643 annum
1198 1580 1335 1644 Domini
1359 1587 1430 1643 m¹¹²⁰
1452 1586 1563 1644 cccc¹¹¹⁰
1584 1577 1733 1661 xxxiiij⁰.

579 1707 613 1775 [p.
630 1707 701 1776 ⁵³9]
745 1707 901 1763 Furtum.
946 1700 1103 1779 ODeus,
1133 1701 1189 1783 qui
1217 1700 1347 1783 judicas
1376 1702 1568 1783 aequitatem
1599 1707 1632 1763 et
1659 1699 1847 1763 consideras

490 1818 641 1883 laborem
665 1828 699 1884 et
722 1818 871 1883 dolorem
892 1827 1096 1903 pauperum!
1120 1821 1164 1886 da
1186 1819 1391 1884 intellectum
1410 1841 1526 1884 verum
1550 1819 1694 1884 ecclesiis
1716 1827 1751 1882 et
1773 1818 1846 1881 reli·
1930 1875 1935 1886 .

491 1939 600 2022 giosis,
626 1939 684 2022 qui
713 1939 802 2004 bona
831 1940 1032 2006 sufficiencia
1061 1962 1107 2005 ex
1137 1941 1284 2024 primeva
1313 1940 1509 2005 fundacione
1539 1939 1687 2004 locorum
1712 1959 1846 2002 suorum

491 2058 625 2139 habent,
647 2060 737 2124 unde
765 2081 868 2142 opera
897 2061 1083 2125 necessaria
1113 2061 1305 2136 sustineant,
1337 2070 1371 2125 et
1410 2060 1590 2143 perficiant,
1620 2079 1667 2124 sc.
1696 2059 1846 2134 vivendo,

491 2181 627 2259 orando,
642 2181 817 2254 studendo,
837 2180 988 2263 legendo,
1004 2190 1039 2245 et
1061 2180 1235 2245 scribendo
1258 2181 1514 2263 explanaciones
1535 2189 1724 2246 sanctarum
1746 2177 1849 2260 scrip·

491 2311 640 2365 turarum
665 2312 699 2366 et
726 2321 833 2364 rerum
856 2322 939 2384 quas
967 2301 1060 2365 Deus
1084 2302 1207 2366 sanctis
1229 2302 1306 2365 viris
1332 2313 1366 2366 et
1391 2301 1582 2366 doctoribus
1608 2300 1773 2378 revelavit,
1792 2303 1848 2366 ‘ut

492 2443 552 2504 per
573 2422 839 2486 consolacionem
865 2423 1097 2504 scripturarum
1122 2443 1216 2506 spem
1242 2422 1425 2487 habeamus
1449 2424 1482 2486 in
1506 2423 1577 2487 Xto
1598 2421 1679 2504 Jesu
1702 2420 1848 2484 Domino

493 2539 626 2606 nostr0.’
671 2543 703 2608 Ο
719 2543 831 2606 Deus!
855 2543 1005 2608 illumina
1028 2545 1141 2608 oculos
1162 2545 1282 2610 mentis
1303 2554 1336 2609 et
1357 2545 1473 2609 talium
1495 2545 1638 2608 virorum
1654 2543 1709 2626 qui
1730 2551 1848 2625 petunt

493 2664 583 2727 bona
617 2664 737 2746 quibus
770 2684 837 2727 non
871 2665 1029 2746 indigent,
1061 2665 1125 2729 illis
1154 2666 1250 2730 bonis
1281 2667 1459 2744 abutendo,
1489 2677 1524 2730 et
1556 2664 1612 2729 illa
1642 2663 1849 2730 effundentes

493 2784 579 2848 circa
608 2794 702 2849 actus
732 2806 798 2849 non
829 2787 1038 2863 necessarios,
1069 2808 1136 2851 non
1167 2788 1277 2852 Deum
1309 2788 1501 2852 immediate
1532 2807 1593 2850 nec
1622 2785 1748 2850 cultum
1778 2784 1849 2867 ejus

494 2914 728 2970 concernentes
763 2927 824 2990 per
854 2908 1005 2972 scienciae
1038 2917 1263 2990 augmentum,
1294 2917 1328 2972 et
1357 2909 1435 2972 vitae
1472 2928 1563 2990 purae
1600 2907 1849 2970 incrementum.

494 3025 596 3090 Tales
617 3028 831 3110 appropriant
854 3027 916 3091 sibi
947 3027 1101 3092 ecclesias
1132 3027 1343 3111 parochiales
1368 3038 1402 3092 et
1424 3028 1512 3092 bona
1543 3037 1576 3092 et
1602 3028 1748 3092 decimas
1778 3025 1849 3090 illa·

495 3165 577 3222 rum,
609 3147 790 3212 rectoribus
819 3149 1031 3230 pertinentes,
1061 3158 1222 3231 tanquam
1250 3159 1284 3213 et
1318 3148 1447 3212 illorum
1479 3149 1641 3212 bonorum
1679 3147 1850 3229 dispensa·

494 3267 622 3331 toribus
645 3267 719 3350 jure
744 3278 871 3334 naturae
898 3279 932 3333 et
951 3269 1024 3351 jure
1047 3270 1159 3334 divino
1184 3269 1308 3352 scripto
1330 3279 1364 3334 et
1383 3270 1457 3352 jure
1478 3269 1624 3333 ecclesiae
1646 3269 1690 3332 ab
1713 3268 1850 3334 ecclesia

494 3387 647 3452 instituto
678 3399 712 3453 et
741 3390 884 3468 decreto,
907 3390 1005 3466 unde,
1033 3412 1092 3473 per
1117 3389 1201 3454 tales
1231 3390 1526 3473 appropriaciones,
1550 3389 1760 3454 ecclesiarum
1789 3387 1849 3450 viri

497 3509 676 3584 scientifici,
701 3519 735 3573 et
763 3509 861 3573 bonae
891 3518 925 3574 ct
950 3511 1145 3575 excellentis
1167 3511 1254 3589 vitae,
1281 3511 1337 3593 qui
1364 3520 1474 3575 essent
1500 3511 1533 3573 in
1560 3509 1682 3574 talibus
1707 3517 1851 3572 rectores

495 3627 689 3707 animarum,
718 3651 740 3694 a
765 3649 843 3693 cura
872 3631 1057 3693 animarum
1084 3629 1204 3713 injuste
1234 3631 1451 3706 retrahuntur,
1479 3641 1615 3713 propter
1640 3628 1849 3692 exhilitatem

496 3749 670 3824 bonorum,
697 3771 772 3832 quae
802 3751 1053 3833 appropriantes
1083 3752 1270 3816 concedunt
1303 3761 1425 3828 curato,
1457 3760 1491 3815 et
1520 3752 1566 3814 sic
1595 3749 1710 3814 debita
1743 3769 1851 3813 sacra-

438 3923 448 3946 ,
497 3878 683 3933 mentorum
698 3871 950 3946 administracio
968 3881 1057 3936 recta
1073 3881 1106 3935 et
1125 3873 1246 3937 devota
1264 3873 1381 3950 oracio,
1398 3871 1594 3955 praedicacio
1608 3870 1699 3934 verbi
1714 3869 1850 3933 Domini

496 4001 531 4054 et
557 3990 706 4054 veritatis
730 3992 922 4055 necessariae
950 4002 984 4055 et
1007 3992 1096 4055 utilis
1119 3993 1272 4068 ostensio,
1292 3994 1417 4057 bonum
1440 3991 1612 4056 consilium
1635 3989 1850 4074 parochianis,

496 4110 622 4174 bonum
659 4112 852 4194 exemplum
889 4113 1029 4190 vivendi,
1066 4113 1284 4195 hospitalitas,
1315 4123 1349 4178 et
1385 4113 1584 4190 elemosinae,
1614 4121 1648 4176 et
1685 4109 1851 4174 exhibicio

491 4229 651 4315 juvenum
673 4231 945 4314 parochianorum
963 4235 1007 4298 ad
1029 4234 1174 4300 studium
1195 4235 1362 4302 literarum
1378 4243 1411 4300 et
1432 4233 1654 4307 scienciarum,
1671 4251 1729 4320 per
1748 4229 1850 4294 talem
