4338 4936
487 1197 655 1294 LOCI
706 1202 747 1294 E
796 1203 1011 1298 LlBRO
1057 1203 1503 1300 VERITnTUM.

403 1563 441 1630 [p.
461 1565 513 1629 ιο.]
543 1566 737 1624 Absoluoio.
784 1560 840 1626 Sic
870 1571 906 1625 tu
937 1562 1090 1645 episcope
1120 1583 1177 1626 seu
1209 1571 1324 1638 rector,
1350 1560 1407 1643 qui
1437 1579 1472 1623 es
1499 1558 1618 1620 absens
1648 1575 1668 1617 a

317 1694 392 1738 cura
416 1687 482 1756 tua,
505 1691 685 1762 occupatus
713 1683 745 1746 in
771 1684 869 1746 rebus
899 1705 973 1765 quae
1000 1683 1060 1746 tibi
1087 1693 1121 1747 et
1147 1704 1233 1746 curae
1259 1694 1326 1748 tuae
1352 1690 1428 1745 sunt
1455 1675 1670 1760 incompossi-

317 1795 407 1874 biles,
431 1801 516 1862 vade
545 1802 635 1884 prius
666 1813 699 1866 et
730 1805 902 1868 reconcilia
933 1816 967 1868 et
996 1805 1138 1868 reforma
1167 1825 1280 1869 curam
1309 1813 1402 1867 tuam
1432 1812 1469 1865 ut
1499 1799 1610 1876 debes
1635 1807 1668 1860 et

316 1925 396 1981 tunc
432 1919 549 1985 offeras
585 1924 747 1988 sacerdoti
782 1925 816 1987 in
853 1926 986 1988 nomine
1019 1925 1156 1988 Domini
1190 1946 1310 1988 munus
1343 1920 1555 1988 consessionis
1591 1927 1669 1980 tuae.

317 2037 386 2103 Sed
412 2040 496 2106 sorte
520 2043 610 2122 dicis,
637 2046 838 2108 necessarius
863 2067 937 2109 sum
963 2046 1102 2110 concilio
1129 2045 1215 2126 regis
1242 2055 1275 2109 et
1302 2045 1402 2126 regni,
1425 2052 1462 2106 ut
1489 2059 1596 2104 causae
1623 2036 1668 2099 ibi

316 2163 534 2228 terminentur
554 2175 588 2229 et
608 2166 691 2244 lites,
708 2178 741 2232 et
760 2168 835 2231 ideo
855 2188 920 2231 non
940 2188 1074 2250 possum
1092 2167 1213 2230 venire.
1258 2164 1463 2230 Ostendetur
1480 2160 1570 2242 quod
1589 2159 1669 2220 dato

316 2305 383 2347 uno
413 2297 594 2369 sequuntur
622 2287 736 2371 plura;
773 2289 868 2371 plura
898 2289 986 2352 enim
1017 2287 1105 2351 mala
1133 2287 1217 2352 fiunt
1243 2287 1276 2349 in
1306 2284 1454 2369 pluribus
1482 2280 1563 2344 locis
1593 2297 1669 2359 quae

317 2424 383 2468 non
408 2405 525 2472 fierent
547 2409 574 2471 si
600 2409 755 2492 episcopi,
775 2421 928 2486 rectores,
953 2418 986 2473 et
1010 2410 1135 2473 domini
1158 2407 1358 2489 temporales
1382 2425 1442 2469 sua
1461 2403 1535 2467 loca
1558 2399 1671 2463 debite

318 2538 468 2608 regerent
497 2539 531 2593 et
561 2529 595 2592 in
625 2531 751 2594 eisdem
778 2541 1016 2613 expectarent3
1047 2542 1081 2594 et
1111 2531 1189 2613 quia
1215 2538 1292 2594 sunt
1317 2529 1471 2592 absentes
1498 2534 1533 2588 et
1558 2540 1669 2586 curam

317 2666 412 2710 suam
435 2648 651 2733 negligentes
675 2651 751 2714 ideo
773 2651 867 2734 plura
891 2651 979 2715 mala
1005 2651 1089 2716 liunt
1115 2663 1149 2718 et
1175 2649 1409 2714 reformacione
1435 2645 1585 2729 indigent
1611 2661 1671 2724 per

317 2769 456 2835 concilia
486 2793 606 2853 magna
635 2773 668 2835 in
699 2774 817 2856 regnis,
843 2775 920 2856 quia
951 2773 1013 2855 ipsi
1047 2794 1112 2836 non
1143 2783 1221 2837 sunt
1254 2791 1329 2835 cum
1362 2769 1429 2833 suis
1459 2765 1609 2840 subditis,
1636 2771 1669 2826 et

316 2890 395 2973 quia
419 2891 577 2958 deficiunt
602 2894 634 2957 in
660 2916 719 2958 sua
744 2915 822 2959 cura
846 2897 893 2958 eis
915 2895 1037 2970 debita,
1062 2896 1146 2960 sicut
1173 2893 1261 2958 mala
1288 2911 1408 2974 magna
1435 2888 1559 2952 fiebant
1586 2885 1671 2947 inter

318 3010 489 3080 Galathas.

405 3143 445 3211 [p.
465 3143 517 3210 15·l
556 3133 645 3198 Novi
676 3135 764 3199 enim
795 3137 884 3217 quod
911 3137 1007 3199 unius
1034 3135 1181 3201 ecclesiae
1208 3130 1422 3199 cathedralis¹
1449 3127 1593 3194 officiarii
1622 3125 1669 3186 in·

313 3253 459 3339 jungunt
488 3267 522 3321 et
551 3257 746 3340 praecipiunt
776 3258 929 3321 omnibus
953 3258 1074 3322 curatis
1098 3278 1167 3321 suae
1194 3255 1379 3340 provinciae,
1406 3263 1442 3316 ut
1469 3251 1501 3312 in
1528 3247 1668 3330 quadra-

318 3377 445 3460 gesima
465 3378 639 3461 injungant
659 3379 900 3456 confitentibus
915 3389 952 3444 ut
967 3379 1096 3444 solvant
1115 3377 1263 3460 quolibet
1278 3396 1366 3439 anno
1382 3371 1507 3437 matrici
1523 3366 1669 3432 ecclesiae

317 3497 442 3580 aliquid
466 3499 621 3562 debonis
644 3500 719 3579 suis,
738 3510 772 3564 et
794 3501 930 3582 pauperi
952 3501 1009 3583 qui
1033 3521 1098 3564 non
1121 3499 1223 3563 habet
1242 3495 1290 3582 iijd
1308 3496 1448 3580 injungit
1470 3504 1502 3557 et
1521 3486 1670 3574 praecipit

319 3639 397 3682 suus
423 3630 554 3684 curatus
576 3641 635 3704 pro
659 3621 843 3704 penitencia
870 3618 922 3684 xl‘l
943 3621 1120 3686 solvendos
1147 3620 1293 3686 ecclesiae
1317 3614 1507 3691 cathedrali,
1531 3621 1565 3675 et
1587 3608 1670 3673 alius

318 3749 448 3805 curatus
472 3742 600 3824 accepit
627 3742 798 3807 ecclesiam
824 3753 858 3807 et
884 3743 1074 3827 parochiam
1102 3763 1196 3807 suam
1219 3741 1386 3824 propriam
1408 3737 1451 3801 ad
1474 3734 1603 3799 firmam
1626 3730 1669 3793 de

319 3860 480 3926 officiariis
504 3863 649 3928 ecclesiae
676 3863 881 3928 cathedralis.
925 3865 1015 3929 Novi
1038 3885 1140 3928 unum
1163 3864 1220 3946 qui
1246 3862 1344 3926 solvit
1365 3880 1395 3925 ν.
1418 3856 1541 3921 solidos
1564 3871 1668 3916 annu·

319 3982 400 4045 atim
437 4003 498 4066 pro
531 4005 590 4049 sua
623 3984 779 4068 parochia
817 3984 962 4050 ecclesiae
996 3984 1186 4063 cathedrali,
1220 3993 1254 4048 et
1291 3983 1362 4064 ipse
1393 3980 1481 4044 idem
1517 3972 1670 4039 sacerdos

319 4103 515 4223 parochialis
552 4106 709 4190 praecepit
746 4116 780 4171 et
817 4106 966 4172 oneravit
1003 4117 1036 4172 et
1078 4106 1223 4190 injunxit
1264 4102 1398 4169 cuilibet
1435 4099 1505 4162 viro
1540 4097 1572 4159 in
1610 4113 1669 4157 sua

335 4199 371 4236 ,.

745 4294 753 4325 ¹
770 4294 825 4346 The
836 4294 972 4347 Cathedrel
983 4295 1084 4344 alluned
1096 4305 1123 4346 to
1133 4295 1154 4344 is
1166 4291 1242 4343 Yorlr.

986 4393 1006 4442 B
