4322 4936
453 372 515 420 222
828 361 929 418 LOCI
955 361 984 414 E
1013 362 1137 416 LIBRO
1173 363 1431 418 VERITATUM.

539 585 571 653 [p
593 585 664 650 611.]
701 583 920 642 Residivatio·
959 575 1016 640 Sic
1039 584 1183 640 meretur
1205 577 1349 640 indurari
1370 578 1489 654 aDeo,
1511 579 1531 642 i.
1543 600 1571 642 e.
1589 599 1655 641 non
1678 575 1824 640 liberariv

452 718 512 779 per
541 699 653 762 Deum
684 719 704 762 a
736 697 831 762 malis
861 697 969 779 culpae
999 705 1033 760 et
1062 717 1182 778 poenae,
1215 697 1248 760 in
1279 719 1355 780 quae
1385 719 1444 782 per
1473 709 1647 782 peccatum
1682 697 1808 774 cecidit,

453 820 543 900 quod
568 839 634 882 non
661 818 769 883 solum
796 818 927 882 racione
952 826 987 882 et
1013 817 1173 900 scriptura
1197 828 1299 901 patet,
1324 820 1383 883 sed
1413 820 1517 884 eciam
1548 840 1652 901 nuper
1679 818 1810 902 experi-

452 940 546 1004 encia
573 940 660 1004 illius
686 939 878 1017 sacerdotia,
904 938 962 1021 qui
989 937 1051 1002 fuit
1076 948 1183 1004 rector
1207 940 1341 1004 nomine
1369 940 1508 1004 duamm
1534 939 1753 1018 ecclesiarum,
1775 947 1809 1002 et

452 1062 634 1143 graduatus
656 1061 689 1125 in
706 1060 789 1144 jure,
806 1061 863 1143 qui
883 1059 989 1143 primo
1009 1059 1116 1124 tenuit
1136 1059 1238 1143 longo
1258 1071 1410 1144 tempore
1434 1062 1603 1126 mulierem
1623 1061 1656 1124 in
1672 1069 1809 1144 peccato

453 1183 569 1256 carnis,
598 1193 631 1246 et
655 1190 772 1264 postea
799 1202 872 1245 eam
896 1180 974 1246 fecit
1000 1181 1124 1245 nubere
1147 1180 1271 1245 famulo
1299 1181 1447 1264 ejusdem
1472 1183 1615 1260 rectoris,
1635 1192 1669 1246 et
1692 1190 1809 1264 postea

453 1302 511 1366 lite
542 1313 669 1380 exorta,
696 1302 858 1366 conduxit
887 1312 955 1366 tres
984 1309 1168 1384 praetensos
1198 1302 1342 1367 scolares
1369 1312 1406 1366 ut
1432 1302 1586 1366 maritum
1612 1302 1808 1376 occiderent,

453 1423 510 1505 qui
537 1422 646 1506 ipsum
673 1424 828 1488 maritum
859 1422 1060 1503 occiderunt,
1086 1424 1221 1489 vidente
1251 1433 1378 1488 rectore
1408 1424 1528 1490 eodem
1553 1432 1587 1490 et
1619 1423 1746 1488 ridente
1776 1423 1808 1484 in

453 1553 605 1626 tempore
633 1544 815 1622 occisionis,
837 1545 895 1627 qui
917 1544 1011 1608 dedit
1041 1541 1079 1606 xl
1102 1543 1136 1606 li.
1163 1544 1220 1607 uni
1246 1543 1413 1627 episcopo,
1441 1555 1476 1608 et
1498 1566 1549 1608 xx
1571 1544 1603 1608 li.
1627 1544 1751 1618 abbati,
1775 1551 1809 1607 et

454 1665 491 1728 xl
514 1665 546 1729 li.
569 1665 625 1728 uni
648 1665 754 1739 militi,
778 1675 814 1728 ut
837 1674 991 1747 rogarent
1014 1685 1126 1748 regem
1149 1686 1209 1747 pro
1232 1665 1478 1748 perdonacione
1500 1665 1661 1748 ejusdem.

542 1794 580 1861 [p.
600 1793 670 1858 ora]
717 1792 859 1861 Religio.
911 1784 981 1850 Sed
1012 1785 1193 1849 dolendum
1223 1785 1322 1850 valde
1352 1795 1402 1849 est
1433 1788 1522 1868 quod
1556 1786 1627 1868 jam
1666 1785 1808 1867 religiosi

453 1907 564 1990 plures
593 1906 626 1970 in
652 1905 769 1970 habitu
800 1927 861 1970 nec
890 1906 1016 1970 faciunt
1046 1927 1121 1990 quae
1147 1906 1281 1984 debent,
1310 1927 1370 1971 nec
1397 1917 1549 1989 quaerunt
1575 1929 1595 1971 a
1622 1906 1809 1971 scientificis

453 2027 531 2090 viris
551 2037 586 2092 et
608 2027 762 2094 virtuosis
786 2027 842 2090 illa
867 2048 942 2110 quae
966 2037 1202 2110 cognoscerent
1223 2039 1257 2092 et
1280 2049 1355 2111 quae
1379 2027 1534 2107 facerent,
1554 2030 1613 2092 sed
1638 2050 1659 2092 a
1685 2027 1810 2110 legistis

454 2149 546 2230 regni
574 2158 607 2212 et
633 2148 677 2212 ab
704 2148 767 2211 illis
794 2148 850 2230 qui
874 2148 1083 2230 publicorum
1111 2158 1188 2212 sunt
1214 2150 1334 2214 tiranni
1361 2159 1395 2214 et
1421 2151 1609 2214 defensores
1636 2148 1807 2224 malorum,

454 2279 572 2350 petunt
594 2291 684 2352 saepe
707 2268 844 2333 consilia
866 2253 1043 2348 mundana,
1066 2280 1099 2333 et
1122 2270 1170 2333 eis
1193 2271 1274 2334 dant
1298 2271 1404 2334 multa
1424 2272 1513 2335 bona
1533 2281 1671 2347 terrena,
1694 2279 1728 2334 et
1751 2291 1809 2334 eos

454 2390 624 2454 offendere
653 2391 782 2466 timent,
815 2410 875 2453 nec
905 2391 1026 2454 timent
1055 2410 1112 2453 eos
1143 2411 1203 2454 nec
1234 2391 1343 2456 ditant
1374 2393 1564 2456 muneribus
1589 2413 1672 2474 quos
1701 2391 1809 2455 sciunt

454 2512 488 2573 in
511 2510 651 2574 sciencia
674 2510 759 2574 etin
779 2511 953 2574 bonavita
974 2511 1085 2593 plures
1103 2511 1184 2574 alios
1209 2511 1382 2590 excellere,
1398 2512 1456 2576 sed
1480 2514 1568 2595 ipsos
1591 2533 1675 2596 quos
1693 2512 1809 2575 vident

454 2631 639 2713 temporale
668 2631 880 2714 dispendium
905 2653 963 2695 eos
994 2631 1121 2695 inferre.
1168 2633 1214 2694 Et
1240 2635 1322 2696 dant
1355 2633 1497 2696 dominis
1529 2633 1703 2696 mundanis
1732 2653 1808 2696 suas

454 2762 558 2815 terras
580 2762 614 2816 et
636 2753 860 2834 possessiones
883 2760 1039 2826 terrenas,
1063 2752 1159 2816 datas
1179 2753 1226 2816 eis
1250 2753 1282 2815 in
1307 2747 1580 2817 monasteriorum
1602 2753 1807 2828 fundacione,

455 2883 492 2936 ut
514 2873 576 2955 ipsi
599 2872 725 2935 domini
747 2872 867 2936 terreni
890 2873 1049 2955 expensis
1072 2873 1252 2936 eorundem
1276 2873 1487 2937 dominorum
1510 2873 1632 2938 faciant
1654 2873 1808 2938 ecclesias

455 2993 658 3077 parochiales
686 2994 797 3075 magni
820 2993 941 3057 valoris
966 2994 1093 3057 eisdem
1118 2994 1287 3076 religiosis,
1310 2994 1446 3058 licencia
1472 3017 1568 3078 papae
1592 3005 1626 3058 et
1656 2995 1750 3078 regis,
1774 2994 1807 3056 in

455 3124 651 3197 perpetuum
681 3115 909 3197 appropriari3
941 3123 975 3178 et
1008 3115 1055 3178 sic
1085 3135 1161 3178 cura
1191 3116 1376 3178 animarum
1406 3116 1498 3198 perit,
1529 3127 1563 3180 et
1591 3115 1808 3198 hospitalitas,

456 3245 490 3300 et
515 3236 639 3300 bonum
664 3236 810 3318 regimen
835 3235 868 3299 in
889 3236 1061 3318 parochiis,
1085 3247 1118 3301 et
1141 3235 1309 3300 exhibicio
1328 3236 1488 3318 juvenum
1513 3236 1555 3300 ad
1579 3235 1686 3300 scolas
1708 3245 1742 3300 et
1764 3237 1807 3300 ad

455 3357 693 3422 universitates,
724 3357 784 3420 ·Et
811 3358 916 3422 eciam
941 3379 1000 3440 per
1023 3358 1091 3422 tale
1116 3359 1262 3422 medium
1287 3359 1369 3422 dant
1391 3379 1451 3422 sua
1474 3357 1680 3440 temporalia,
1704 3358 1751 3422 eis
1775 3358 1808 3420 in

455 3477 652 3542 fundacione
676 3478 807 3553 collata,
833 3499 893 3561 pro
920 3478 1073 3557 ecclesiis,
1097 3499 1141 3542 ex
1168 3500 1236 3562 qua
1265 3479 1444 3543 collacione
1474 3487 1657 3562 sequuntur
1686 3498 1808 3561 magna

456 3609 490 3664 et
519 3600 614 3682 plura
644 3599 733 3664 mala
763 3600 970 3684 parochianis
1000 3601 1148 3666 ecclesiae
1178 3601 1409 3683 appropriatae.
1456 3601 1619 3684 Magnum
1645 3601 1734 3663 enim
1759 3621 1809 3664 re·

457 3722 602 3784 medium
634 3731 748 3786 contra
777 3722 1084 3804 appropriacionem
1115 3722 1326 3786 ecclesiarum
1360 3733 1448 3786 esset
1480 3722 1569 3805 quod
1602 3741 1809 3804 unaquaeque

456 3842 595 3906 ecclesia
621 3844 732 3925 magni
756 3843 875 3907 valoris
899 3853 986 3908 esset
1016 3845 1153 3908 ecclesia
1180 3843 1365 3926 collegiata,
1389 3845 1435 3908 ita
1462 3855 1498 3910 ut
1529 3852 1628 3908 certae
1658 3863 1809 3926 personae

456 3971 490 4026 et
519 3963 598 4026 boni
632 3962 740 4028 clerici
769 3965 813 4028 ibi
843 3964 1068 4042 fundarentur,
1102 3977 1136 4030 et
1169 3965 1359 4044 residerent,
1391 3977 1424 4032 et
1457 3967 1499 4030 de
1529 3967 1625 4030 bonis
1659 3965 1808 4048 ejusdem

456 4083 603 4147 ecclesiae
629 4085 785 4160 viverent,
811 4096 845 4149 et
875 4107 959 4149 unus
986 4107 1097 4150 eorum
1125 4106 1238 4150 curam
1268 4089 1428 4169 reciperet
1455 4087 1638 4170 parochiae;
1670 4099 1704 4152 et
1730 4098 1809 4152 tunc

457 4205 543 4267 bona
574 4205 721 4268 ecclesiae
753 4207 1019 4286 expenderentur
1049 4206 1131 4270 infra
1164 4206 1363 4288 parochiam,
1393 4217 1427 4270 et
1462 4208 1566 4272 eciam
1597 4209 1745 4272 doctrina
1775 4217 1809 4270 et
