4322 4936
485 411 544 476 192
857 398 955 452 LOCI
982 396 1010 449 E
1039 397 1164 451 LIBRO
1199 396 1456 452 VERITATUM.

481 617 633 681 datorem
662 614 755 678 verbi
785 613 835 676 sui
866 634 932 677 non
962 622 1153 676 exactorem
1180 612 1258 674 vitae
1288 611 1391 693 ipsius
1418 611 1591 676 audientis.
1641 610 1753 682 Tuum
1784 621 1835 676 est

481 740 569 814 dare,
586 736 751 818 audientis
774 744 825 799 est
845 735 1020 812 informari,
1036 744 1070 798 et
1092 735 1275 798 secundum
1297 733 1433 797 verbum
1452 734 1587 815 operari,
1603 734 1694 817 quod
1717 733 1745 796 si
1769 754 1834 796 non

481 860 590 938 faciat,
610 858 749 922 verbum
771 856 936 939 prolatum
960 876 1072 920 coram
1096 855 1171 918 Deo
1193 854 1254 918 erit
1277 863 1392 918 contra
1413 855 1520 936 ipsum
1544 854 1576 918 in
1600 855 1835 933 testimonium,

481 981 570 1064 quod
595 979 694 1058 novit,
716 977 807 1060 quod
831 976 966 1052 audivit,
990 977 1081 1059 quod
1106 973 1281 1050 intellexit,
1306 985 1340 1038 et
1362 984 1433 1039 tum
1458 995 1523 1037 non
1547 975 1644 1053 lecit3
1671 975 1748 1039 ideo
1771 975 1834 1038 Dei

482 1111 534 1165 est
564 1100 698 1181 exigere
726 1098 817 1162 verbi
848 1097 999 1174 fructum,
1031 1106 1066 1160 et
1098 1096 1323 1180 praedicatoris
1358 1105 1410 1158 est
1440 1097 1520 1160 dare
1553 1096 1700 1159 verbum.
1752 1095 1835 1160 Ideo

481 1221 540 1286 tali
567 1221 656 1289 dicet
682 1221 776 1283 Deus
801 1217 883 1282 illud
910 1217 1080 1301 evangelii,
1107 1216 1240 1300 ‘Quare
1266 1237 1332 1279 non
1362 1216 1483 1280 dedisti
1505 1218 1679 1299 pecuniam
1703 1213 1835 1293 meam,’

482 1343 503 1406 i.
516 1364 544 1407 e.
562 1343 709 1420 verbum,
731 1340 790 1404 ‘ad
815 1338 983 1415 mensam‚’
1005 1339 1025 1402 i.
1039 1359 1068 1402 e.
1089 1338 1133 1402 ad
1153 1337 1323 1420 puplicum
1345 1337 1569 1416 ministerium,
1585 1342 1640 1402 ‘ut
1662 1357 1724 1420 ego
1744 1337 1835 1401 veni·

483 1483 542 1526 ens
563 1463 733 1545 exigerem
754 1457 906 1534 usuram,'
929 1461 950 1522 i.
963 1481 992 1522 e.
1011 1459 1251 1523 incrementum
1271 1459 1350 1522 boni
1371 1459 1479 1541 operis
1498 1478 1558 1540 per
1578 1458 1737 1523 verbum?
1760 1458 1835 1522 ideo

483 1585 563 1648 dicit
599 1584 717 1647 beatus
746 1580 956 1663 Augustinus
993 1579 1154 1644 Sermone
1186 1601 1246 1642 suo
1280 1579 1517 1658 ducentesimo,
1547 1599 1647 1661 quem
1681 1577 1760 1642 lecit
1791 1577 1835 1642 ad

482 1703 645 1788 populum
668 1703 722 1766 die
742 1700 962 1765 ordinacionis
985 1721 1053 1764 suae
1077 1701 1110 1762 in
1132 1700 1333 1782 episcopum,
1356 1700 1594 1782 ‘Erogatorem
1613 1698 1703 1762 verbi
1725 1699 1835 1782 posuit

482 1835 517 1890 te
541 1825 641 1903 Deus,
665 1823 696 1888 O
719 1823 883 1904 episcope,
913 1843 979 1886 non
1011 1832 1211 1900 exactorem,
1233 1841 1277 1886 sc.
1300 1821 1386 1896 vitae,
1415 1821 1448 1883 in
1478 1821 1641 1896 audiente,
1669 1819 1746 1902 quia
1772 1817 1835 1884 hoc
1906 1835 1912 1842 ·

482 1945 627 2031 pertinet
652 1941 747 2008 Deo'

569 2075 608 2142 [p.
634 2074 703 2142 5¹5]
748 2071 935 2128 Promooio.
982 2063 1101 2128 ‘Heul
1129 2063 1214 2127 heu!
1243 2062 1330 2127 heul
1375 2063 1520 2126 Domine
1544 2062 1655 2126 Deusl
1687 2061 1835 2145 nunquid

483 2187 807 2253 consummacionem
825 2183 954 2248 facies?
978 2184 1064 2248 sicut
1084 2185 1172 2249 dixit
1189 2183 1343 2248 Ezechiel
1362 2182 1523 2266 propheta
1539 2182 1603 2245 Dei
1622 2192 1664 2246 et·
1674 2181 1835 2247 sacerdos.

484 2307 709 2374 Consimiliter
726 2306 939 2370 clamandum
959 2315 1010 2369 est
1031 2304 1111 2387 jam,
1133 2305 1230 2369 Heu!
1270 2304 1414 2367 Domine
1436 2304 1548 2368 Deust
1582 2303 1660 2385 quia
1683 2323 1835 2366 consum-

483 2431 590 2493 macio
615 2429 692 2492 boni
725 2425 891 2509 regiminis
917 2426 988 2508 jam
1019 2435 1070 2490 est
1101 2427 1134 2488 in
1165 2426 1302 2490 diversis
1333 2424 1421 2500 locis,
1456 2424 1521 2502 ubi,
1544 2433 1681 2507 propter
1709 2422 1835 2487 lucrum

482 2550 674 2614 habendum
695 2557 728 2612 et
749 2547 892 2625 divicias,
911 2556 947 2610 ut
968 2549 1198 2629 expendantur
1219 2549 1252 2610 in
1275 2546 1429 2610 domibus
1451 2545 1729 2626 promovendum,
1752 2544 1834 2608 euri-

483 2671 562 2748 ales‚
591 2669 759 2746 luxuriosi,
789 2667 934 2733 officiarii
964 2669 1181 2746 dominorum,
1211 2678 1244 2732 et
1274 2667 1400 2731 curiose
1434 2667 1620 2748 loquentes,
1651 2673 1685 2729 et
1716 2665 1833 2729 medici

483 2790 597 2874 pocius
621 2810 795 2873 corporum
818 2809 919 2871 quarn
942 2790 1127 2852 animarum
1155 2797 1322 2871 ponuntur
1348 2789 1380 2851 in
1405 2787 1558 2862 ecclesiis,
1583 2787 1615 2849 in
1639 2786 1834 2869 episcopati·

483 2912 555 2989 bus,
571 2912 605 2975 in
627 2911 853 2993 dignitatibus,
869 2920 903 2974 et
921 2911 953 2974 in
970 2911 1165 2993 praebendiS,
1181 2921 1214 2975 et
1235 2911 1281 2974 sic
1302 2921 1469 2992 ponuntur
1488 2909 1521 2972 in
1536 2909 1681 2972 ecclesiis
1701 2908 1835 2972 sestucae

483 3053 543 3114 pro
566 3032 736 3107 columnis,
760 3032 852 3114 pueri
879 3053 938 3114 pro
962 3033 1048 3111 virle,
1072 3033 1190 3096 ribaldi
1214 3053 1274 3114 pro
1296 3032 1419 3094 sanctis
1442 3030 1638 3108 hominibus,
1661 3030 1752 3094 inscii
1775 3049 1835 3112 pro

484 3153 620 3217 maturis
646 3153 722 3216 viris
749 3163 782 3216 et
805 3153 993 3232 scientibus,
1017 3163 1052 3217 et
1074 3153 1235 3231 monachi,
1258 3164 1292 3216 et
1319 3151 1461 3234 religiosi
1485 3151 1613 3227 diversi,
1638 3151 1694 3233 qui
1721 3150 1835 3214 dicunt

483 3294 520 3337 se
542 3294 636 3337 orare
660 3294 719 3355 pro
740 3261 954 3355 paro'chianis
977 3295 1117 3356 quorum
1141 3275 1276 3338 divicias
1299 3283 1333 3336 et
1355 3273 1544 3337 oblaciones
1566 3272 1691 3336 habent
1716 3291 1835 3354 appro-

483 3395 616 3476 priatas,
639 3414 699 3458 nec
723 3407 818 3459 orant
843 3416 953 3459 coram
979 3397 1034 3475 eis,
1057 3396 1169 3459 dando
1196 3396 1243 3459 eis
1269 3395 1463 3478 exemplum
1488 3395 1676 3458 devocionis
1701 3403 1834 3469 sanctae,

485 3536 546 3580 nec
575 3516 657 3580 dant
687 3516 751 3580 illis
784 3516 992 3600 parochianis
1020 3518 1215 3581 elemosinas
1245 3517 1451 3595 necessarias,
1483 3537 1543 3580 nec
1572 3517 1693 3580 curatis
1724 3535 1835 3579 neces-

484 3637 578 3716 saria,
608 3659 667 3720 per
696 3659 780 3721 quae,
808 3639 841 3701 in
872 3660 986 3702 eorum
1016 3640 1161 3704 sanitate
1194 3648 1228 3704 et
1258 3640 1291 3702 in
1322 3660 1435 3703 eorum
1465 3638 1666 3713 infirmitate,
1696 3645 1836 3719 possunt

483 3759 656 3841 providere
686 3760 870 3825 necessaria
899 3760 1072 3824 animabus
1101 3781 1235 3825 suorum
1266 3757 1556 3844 parochianorum!
1587 3769 1620 3824 et
1651 3758 1727 3821 ideo
1748 3757 1836 3822 dixit

485 3879 641 3944 dominus
671 3881 920 3960 Lincolniensis,
950 3882 1068 3945 doctor
1098 3881 1265 3945 Robertus
1296 3881 1509 3958 Grosseteste,
1540 3881 1573 3942 in
1588 3917 1589 3920 =
1607 3877 1836 3961 proposicione

485 4021 597 4064 coram
620 4022 708 4085 papa
740 4003 947 4080 Innocencio,
972 4009 1067 4066 ‘cum
1099 4001 1310 4066 ecclesiarum
1340 4001 1578 4083 parochialium
1609 3998 1836 4082 appropriacio

484 4119 573 4186 sacta
593 4133 652 4202 est,
668 4124 701 4186 in
722 4123 859 4188 ecclesia
878 4124 942 4186 Dei
963 4124 1111 4187 omnium
1134 4123 1295 4187 malorum
1316 4119 1537 4206 perpetuacio'
1554 4170 1561 4185 .
1578 4171 1585 4186 .
1601 4169 1609 4187 .
1627 4168 1634 4183 .
1655 4120 1695 4182 In
1711 4118 1836 4203 Anglia

485 4241 574 4305 enim
597 4264 657 4325 per
679 4256 721 4326 50
744 4265 848 4308 annos
872 4255 905 4309 et
929 4244 1021 4322 ultra,
1045 4245 1088 4308 ab
1111 4265 1198 4309 anno
1222 4244 1281 4310 Xti
1309 4261 1400 4325 1403,
1425 4243 1456 4306 in
1480 4263 1546 4324 quo
1573 4241 1617 4304 sui
1641 4251 1747 4319 natus,
1769 4260 1835 4303 non
