4322 4936
714 414 812 467 LOCI
839 413 866 466 E
895 413 1019 467 LIBRO
1054 415 1314 472 VERITATUM.
1633 403 1692 487 183

339 631 442 694 virtus
465 630 516 706 sit,
538 629 672 712 adjutor
694 629 726 692 in
751 628 1068 694 tribulacionibusl’
1098 643 1131 695 et
1155 633 1272 696 doctor
1296 632 1458 697 Ricardus
1482 633 1690 714 Flemmyng‚

341 751 561 814 Eboracensis
588 751 728 814 diocesis
756 759 862 830 natus,
889 750 946 834 qui
976 751 1037 814 suit
1066 752 1241 836 episcopus
1268 753 1510 818 Lincolniensis
1536 754 1692 829 famosus,

340 874 425 935 circa
455 891 579 935 annum
611 871 747 934 Domini
778 892 908 937 mcccc
932 893 982 935 xx
1020 873 1153 936 induxit
1190 874 1334 938 Oxoniae
1365 875 1502 938 modum
1533 875 1692 938 usitatum

337 993 408 1076 jam
431 995 517 1057 inter
538 991 713 1075 theologos
737 992 891 1068 Oxoniae,
916 993 949 1057 in
972 994 1157 1075 quaestione
1179 996 1406 1078 proponenda,
1431 1003 1464 1059 et
1491 997 1523 1059 in
1551 1005 1694 1078 quatuor

340 1114 605 1178 conclusionibus
634 1114 797 1195 ponendis
828 1115 1101 1178 concernentibus
1128 1117 1271 1198 primum
1298 1125 1333 1180 et
1362 1118 1542 1181 secundum
1570 1126 1604 1180 et
1634 1117 1693 1199 iij¹¹¹

339 1247 375 1299 et
397 1245 551 1316 quartum
579 1235 699 1298 librum
730 1233 982 1299 Sentenciarum
1009 1237 1282 1300 concernentibus
1305 1234 1385 1322 (sic),
1411 1246 1446 1301 et
1472 1240 1557 1303 sicut
1582 1238 1693 1303 solent

340 1355 455 1420 fratres
477 1365 633 1420 vacantes
659 1355 770 1418 studio
797 1356 919 1419 cotidie
946 1376 1069 1437 ponere
1095 1366 1202 1421 certas
1225 1358 1451 1423 conclusiones
1475 1379 1558 1441 quas
1580 1369 1693 1423 tenere

341 1478 519 1541 intendunt
549 1477 762 1558 arguentibus
794 1477 841 1538 eis
871 1477 938 1553 sic3
976 1476 1101 1539 bonum
1132 1488 1183 1541 est
1209 1477 1280 1559 jam
1311 1480 1519 1560 praedicatori
1549 1489 1586 1544 ut
1616 1499 1693 1561 pro-

341 1608 444 1680 ponat
474 1599 507 1660 in
539 1597 699 1680 principio
729 1598 780 1660 sui
813 1597 974 1660 sermonis
1005 1608 1111 1662 certas
1142 1599 1305 1678 materias,
1336 1600 1369 1663 in
1399 1601 1519 1683 quibus
1549 1600 1693 1665 intendit

339 1739 463 1802 ponere
493 1728 599 1782 certas
629 1717 862 1796 conclusiones,
892 1739 988 1781 veras
1018 1726 1052 1780 et
1082 1718 1180 1781 utiles
1210 1719 1334 1801 populo
1365 1728 1398 1783 et
1429 1720 1524 1798 clero,
1556 1730 1588 1785 et
1620 1721 1692 1785 illas

339 1839 565 1903 conclusiones
587 1839 704 1921 probet
727 1839 905 1901 autoritate
924 1837 1094 1920 scripturae
1117 1859 1228 1916 sacrae,
1248 1839 1300 1903 vel
1322 1849 1520 1918 sanctorum,
1538 1841 1590 1905 vel
1614 1842 1693 1905 doc·

339 1971 459 2035 torum,
476 1961 528 2023 vel
545 1960 680 2037 ratione,
696 1959 780 2022 sicut
796 1968 888 2040 patet
908 1959 940 2021 in
962 1958 1068 2022 sorma
1088 1979 1164 2042 quae
1182 1957 1235 2023 hic
1252 1961 1463 2043 consequitur
1481 1971 1514 2025 et
1530 1962 1692 2026 scribitur.

341 2081 441 2145 Dicat
466 2101 544 2163 ergo
567 2081 765 2163 pradicator
785 2081 818 2142 in
842 2080 1003 2162 principio
1026 2080 1077 2142 sui
1104 2081 1265 2144 sermonis
1288 2082 1352 2145 isto
1375 2082 1496 2146 modo:
1529 2082 1692 2146 ‘Intendo

339 2203 373 2266 in
389 2223 539 2265 sermone
555 2219 639 2274 meo,
656 2221 714 2284 per
732 2201 796 2263 Dei
817 2201 971 2282 graciam,
988 2209 1130 2266 tractare
1150 2202 1193 2264 de
1213 2201 1309 2266 certis
1331 2203 1476 2266 materiis
1500 2205 1693 2268 necessariis

340 2343 396 2386 seu
420 2322 564 2399 utilibus,
587 2333 620 2386 et
645 2323 677 2385 in
698 2321 814 2385 iisdem
839 2321 985 2384 materiis
1008 2321 1145 2385 intendo
1167 2341 1291 2403 ponere
1314 2332 1419 2386 certas
1442 2331 1476 2386 et
1497 2344 1592 2387 veras
1614 2344 1693 2388 con·

338 2443 510 2519 clusiones,
529 2443 666 2507 intendo
688 2442 776 2506 enim
796 2441 866 2524 jam
890 2442 980 2524 loqui
1004 2443 1047 2505 de
1069 2443 1190 2505 timore
1211 2441 1368 2506 habendo
1391 2444 1434 2507 ad
1458 2445 1568 2508 Deum
1593 2455 1628 2510 et
1649 2444 1692 2510 de

339 2585 451 2628 amore
477 2565 520 2629 ad
548 2565 658 2628 Deum
685 2563 849 2628 habendo.
903 2564 941 2626 In
969 2563 1074 2646 prima
1098 2565 1244 2641 materia,
1267 2566 1310 2628 de
1332 2566 1459 2642 timore,
1483 2587 1571 2650 pono
1600 2569 1691 2649 quod

339 2687 466 2748 “timor
490 2686 553 2748 Dei
576 2695 626 2748 est
654 2685 786 2748 inicium
813 2681 1021 2766 sapienciae.'’
1066 2685 1161 2760 Item,
1185 2684 1274 2748 aliud
1307 2695 1366 2763 est,
1389 2688 1478 2769 quod
1508 2688 1565 2770 qul
1595 2690 1692 2753 timet

340 2803 450 2869 Deum
475 2805 573 2869 nichil
596 2806 741 2889 negligit,
765 2826 822 2869 seu
847 2805 1071 2887 praetermittit
1094 2805 1197 2869 debiti
1222 2806 1281 2880 sui,
1307 2808 1397 2888 quod
1420 2817 1552 2872 tenetur
1574 2808 1691 2875 iacere.

341 2926 435 3001 Item,
459 2925 524 2989 alia
554 2927 720 2990 conclusio
750 2935 809 3004 est,
833 2927 922 3008 quod
953 2926 1036 2989 sicut
1063 2925 1162 2988 timor
1190 2924 1253 2989 Dei
1284 2935 1335 2990 est
1366 2927 1509 3004 inicium,
1534 2929 1692 2994 inducens

339 3047 449 3129 plures
471 3047 616 3124 virtutes,
639 3056 673 3110 et
696 3047 864 3110 hominem
891 3068 912 3110 a
939 3046 1035 3124 malo,
1059 3047 1105 3109 sic
1129 3047 1330 3110 contrarium
1361 3047 1440 3130 ejus,
1462 3069 1518 3111 seu
1543 3051 1692 3115 carencia

262 3217 265 3224 .
338 3167 474 3242 timoris,
492 3169 617 3231 inducit
636 3168 731 3250 plura
753 3168 840 3233 mala
860 3168 892 3230 in
916 3167 1096 3230 hominem.
1143 3166 1252 3231 Prima
1268 3167 1442 3246 conclusio,
1458 3171 1547 3252 quod
1565 3171 1693 3235 “timor

340 3287 404 3351 Dei
428 3297 478 3351 est
499 3289 631 3352 inicium
653 3285 856 3371 sapienciae,’'
871 3288 1057 3352 ostenditur
1072 3288 1136 3351 isto
1156 3288 1278 3352 modo:
1303 3290 1468 3371 sapiencia
1485 3300 1534 3354 est
1549 3289 1692 3371 habitus,

340 3409 509 3473 mediante
532 3431 606 3492 quo,
621 3409 757 3474 habenti
781 3410 882 3488 illum,
899 3410 986 3492 sapit
1009 3407 1178 3490 objectum
1201 3429 1261 3490 per
1283 3409 1439 3472 noticiam
1463 3419 1497 3474 et
1519 3431 1577 3493 per
1599 3432 1691 3474 amo-

340 3547 417 3594 rem.
464 3529 604 3614 Sapiens
627 3542 677 3595 est
700 3531 755 3613 qui
778 3539 865 3594 recte
888 3531 975 3612 sapit
996 3529 1029 3592 in
1053 3539 1173 3602 mente,
1191 3539 1224 3593 et
1245 3531 1277 3592 in
1299 3530 1418 3594 aflectu
1440 3549 1520 3610 su03
1544 3541 1577 3596 et
1593 3533 1693 3596 timor

340 3650 413 3730 Dei,
428 3672 495 3734 quo
514 3652 609 3715 timet
630 3652 732 3715 homo
754 3660 850 3715 tanto
870 3671 1001 3714 summo
1023 3650 1112 3714 bono
1132 3651 1308 3725 offendere,
1325 3651 1450 3716 inducit
1470 3651 1691 3717 inhominem

338 3770 425 3834 hunc
452 3771 657 3854 spiritualem
679 3782 822 3855 gustum,
848 3793 914 3854 quo
937 3770 1038 3835 homo
1060 3771 1161 3836 habet
1184 3772 1338 3835 noticiam
1369 3773 1488 3836 divinae
1510 3773 1692 3838 voluntatis

339 3901 373 3954 et
403 3893 571 3970 bonitatis,
605 3903 639 3956 et
669 3904 784 3957 causat
813 3892 983 3956 hominem
1013 3913 1159 3976 quaerere
1190 3893 1300 3956 media
1333 3915 1393 3976 per
1421 3912 1496 3976 quae
1526 3896 1692 3977 attingere

339 4021 450 4095 potest
467 4015 510 4076 ad
528 4013 648 4088 Deum,
666 4014 722 4096 qui
746 4034 911 4076 summum
930 4015 1054 4077 bonum
1074 4025 1144 4092 est;
1169 4023 1202 4077 et
1225 4015 1269 4078 sic
1285 4015 1385 4078 timor
1401 4014 1464 4079 Dei
1484 4025 1535 4079 est
1557 4016 1691 4079 inicium

341 4132 546 4197 inductivum
578 4133 753 4218 sapienciae
790 4135 822 4196 in
857 4131 1044 4199 hominem'
1097 4135 1142 4198 Et
1173 4135 1198 4198 si
1229 4135 1425 4218 praedicator
1455 4135 1604 4201 intendat
1634 4137 1692 4200 de·

338 4251 462 4320 clarare
498 4265 605 4320 certas
641 4255 794 4321 materias
823 4256 1011 4338 propositas
1041 4255 1074 4318 in
1105 4255 1264 4339 principio
1295 4256 1344 4320 sui
1375 4257 1536 4322 sermonis
1566 4257 1692 4341 absque
