4338 4936
497 393 537 463 72
870 386 970 443 socr
993 387 1024 441 E
1052 389 1176 445 trano
1210 389 1467 452 vsnrrnruv.

495 605 585 668 nulla
600 625 651 668 ars
667 603 810 667 admissa
826 602 886 668 luit
910 613 1129 689 praeterquam
1152 629 1206 672 ars
1227 609 1390 673 scribendi
1407 619 1440 674 et
1456 609 1847 693 multiplicandisar'rctds

494 735 530 789 et
545 724 743 790 necessarios
759 723 867 799 libros,
885 734 919 788 et
939 735 1018 790 tunc
1038 728 1142 791 sancti
1161 737 1272 810 patres
1288 730 1439 794 debonis
1463 731 1603 794 annexis
1618 730 1685 795 suis
1701 732 1846 796 ecclesiis

494 845 736 928 episcopalibus
748 845 910 909 dotabant
922 846 1074 910 ecclesias
1086 849 1299 930 parochiales,
1311 859 1348 913 ut
1361 861 1501 914 rectores
1513 851 1616 916 sancti
1629 861 1663 915 et
1674 853 1843 917 scientifici

494 967 673 1031 earundem
689 965 900 1030 ecclesiarum
916 967 1151 1048 parochialium
1168 969 1300 1032 liberius
1318 981 1350 1033 et
1367 971 1484 1033 melius
1501 973 1654 1054 operibus
1669 973 1736 1035 suis
1748 994 1844 1036 vaca·

494 1097 578 1162 rent,
594 1097 627 1150 et
649 1095 743 1150 actus
762 1086 955 1167 spirituales,
971 1089 1105 1166 orando,
1122 1090 1302 1168 scribendo,
1319 1100 1352 1153 et
1373 1091 1592 1172 praedicand0,
1611 1113 1720 1174 perse
1736 1104 1770 1157 et
1786 1113 1844 1175 per

492 1208 575 1272 alios
606 1208 870 1289 multiplicarent.
928 1209 1025 1273 Heul
1058 1209 1142 1274 heu!
1177 1211 1288 1293 qualia
1312 1212 1383 1293 jam
1409 1213 1596 1277 nutriuntur
1623 1225 1656 1277 et
1685 1213 1843 1296 multipli-

467 1381 472 1394 .
493 1339 609 1394 cantur
624 1350 682 1411 per
697 1328 850 1392 ecclesias
866 1331 1101 1412 appropriatas.
1149 1333 1277 1397 Revera
1294 1334 1326 1395 in
1343 1333 1422 1396 locis
1439 1334 1587 1416 plurimis
1604 1334 1841 1416 multiplicacio

493 1450 698 1527 serculorum,
719 1449 908 1531 juristarum
936 1460 970 1513 et
994 1453 1263 1530 conciliariorum,
1291 1454 1524 1536 temporalium
1555 1466 1698 1528 actuum,
1723 1465 1757 1519 et
1782 1477 1842 1518 ex·

491 1572 612 1635 hibicio
635 1580 808 1652 potentum
830 1580 863 1632 et
883 1571 1094 1649 tirannorum,
1111 1574 1229 1656 quibus
1251 1574 1391 1655 placent,
1407 1585 1440 1638 et
1459 1575 1578 1656 quibus
1601 1575 1633 1637 in
1658 1575 1753 1638 malis
1775 1597 1841 1638 non

492 1691 731 1764 contradicunt,
755 1710 796 1753 ne
825 1711 883 1753 sua
909 1691 997 1755 bona
1023 1693 1219 1775 temporalia
1241 1695 1407 1770 amittant,
1431 1707 1464 1760 et
1489 1695 1515 1756 si
1543 1706 1722 1776 pensantur
1746 1717 1841 1778 aequo

487 1812 612 1895 judicio
637 1811 748 1875 omnia
769 1832 844 1893 quae
870 1833 913 1875 ex
938 1812 1008 1876 istis
1032 1814 1127 1878 bonis
1153 1817 1356 1897 proveniunt,
1380 1816 1555 1878 verisimile
1582 1827 1632 1879 est
1658 1817 1746 1897 quod
1775 1837 1840 1879 non

491 1933 597 1997 solum
613 1932 701 1996 bona
713 1954 814 2015 opera
830 1955 873 1996 ex
888 1954 1007 2014 genere
1023 1935 1078 1997 sed
1096 1935 1236 2016 plurima
1253 1937 1348 2012 mala,
1360 1937 1430 1999 sine
1443 1937 1562 2017 quibus
1578 1937 1736 2018 praedicta
1753 1938 1841 2000 bona

491 2075 563 2118 raro
578 2054 629 2118 vel
653 2074 820 2136 nunquam
843 2053 1024 2131 habentur3
1048 2055 1188 2119 libenter
1210 2077 1288 2138 ergo
1312 2057 1418 2138 inquit
1437 2055 1581 2120 Sanctus
1596 2057 1784 2137 Jeronimus
1808 2058 1840 2120 in

491 2171 644 2258 Epistola
656 2176 698 2240 ad
716 2222 722 2238 .
740 2223 748 2238 .
764 2173 811 2238 ..¹
830 2175 967 2238 ‘carebo
981 2175 1141 2239 beneficio
1153 2178 1242 2257 quod
1259 2177 1317 2240 tali
1335 2187 1368 2239 et
1384 2186 1479 2241 tanto
1494 2177 1634 2241 habetur
1649 2177 1842 2260 dispendio?

490 2297 626 2360 ‘Vestra
637 2291 885 2372 habundancia,’
901 2295 1007 2376 inquit
1017 2295 1210 2378 Apostolus,
1224 2296 1382 2360 ‘aliorum
1395 2297 1526 2379 supleat
1538 2295 1705 2380 inopiam’
1728 2297 1840 2380 Quare

490 2439 570 2500 ergo
594 2438 659 2482 non
685 2419 806 2482 dantur
829 2418 917 2479 bona
943 2416 1116 2499 superflua,
1139 2439 1272 2482 annexa
1298 2419 1503 2482 monasteriis
1530 2428 1562 2480 et
1590 2418 1744 2496 ecclesiis,
1767 2419 1841 2482 aliis

489 2539 635 2602 ecclesiis
659 2538 889 2620 indigentibus,
905 2547 941 2600 ut
963 2558 1074 2600 earum
1094 2539 1271 2603 necessitas
1291 2547 1492 2604 sustentetur
1511 2539 1784 2602 monasteriorum
1806 2550 1839 2603 et

490 2659 698 2723 ecclesiarum
720 2657 1070 2739 superhabundancia?
1116 2658 1184 2724 Sed
1208 2659 1290 2723 heul
1314 2659 1396 2722 heu!
1419 2659 1496 2740 quia
1516 2679 1652 2722 munera
1671 2669 1840 2724 excaecant

489 2779 602 2843 oculos
614 2779 772 2861 judicum,
787 2787 821 2842 ct
843 2779 1005 2842 bonorum
1021 2780 1254 2861 temporalium
1273 2780 1440 2861 appetitus
1463 2788 1610 2842 excaecat
1634 2779 1838 2844 intellectum

489 2908 523 2962 et
550 2901 616 2963 veri
638 2899 807 2981 judicium,
836 2909 872 2963 ut
898 2919 1011 2963 verum
1036 2900 1124 2964 dicat
1149 2901 1237 2982 quod
1268 2899 1386 2963 laisum
1414 2909 1474 2973 est,
1500 2909 1534 2962 et
1560 2921 1579 2962 e
1605 2901 1777 2978 contrario,
1804 2912 1838 2964 et

488 3019 612 3083 bonum
636 3021 714 3084 dicit
734 3030 809 3084 'esse
833 3020 966 3098 malum,
990 3029 1023 3084 et
1049 3021 1138 3102 quod
1164 3019 1287 3082 malum
1312 3029 1363 3083 est
1390 3019 1469 3082 dicit
1495 3019 1629 3094 bonum,
1651 3030 1685 3084 et
1711 3021 1838 3084 bonum

489 3151 522 3204 et
538 3162 650 3204 verum
667 3142 805 3222 ignorat,
820 3141 872 3204 vel
888 3162 954 3204 non
970 3141 1163 3217 considerat,
1179 3141 1230 3203 vel
1252 3139 1462 3217 obliviscitur,
1480 3139 1531 3202 vel
1549 3149 1642 3204 errat.
1690 3140 1721 3204 Ο
1738 3162 1838 3223 quam

489 3282 622 3326 necesse
646 3272 696 3326 est
718 3283 810 3326 orare
830 3262 930 3344 juxta
952 3261 1118 3343 eloquium
1142 3257 1254 3324 tuum!
1279 3262 1322 3324 da
1339 3260 1437 3323 michi
1454 3260 1667 3335 intellectum,
1686 3261 1838 3340 Domine,

488 3403 530 3446 ne
552 3383 649 3447 velud
672 3383 731 3446 viri
754 3383 911 3448 Sodomae
939 3394 972 3446 et
998 3381 1168 3446 Gomorrae
1195 3381 1352 3456 lecerunt,
1373 3402 1432 3463 per
1459 3401 1495 3444 se
1519 3381 1643 3444 bonum
1668 3392 1701 3444 et
1725 3401 1839 3444 verum

487 3502 605 3566 salsum
623 3513 656 3568 et
673 3504 796 3566 malum
820 3525 892 3567 esse
911 3513 1053 3586 putetur,
1070 3511 1104 3566 et
1119 3504 1209 3584 quod
1226 3503 1403 3585 pessimum
1422 3511 1481 3574 est,
1498 3501 1622 3563 bonum
1645 3512 1785 3583 putetur,
1802 3513 1839 3564 ut

486 3633 629 3688 testatur
657 3624 799 3689 Sanctus
823 3623 1031 3705 Augustinus
1057 3623 1101 3686 de
1125 3623 1233 3686 verbis
1260 3622 1405 3695 Domini,
1432 3621 1570 3684 recitans
1600 3619 1662 3686 hoc
1691 3623 1734 3686 de
1761 3623 1837 3685 viris

487 3745 520 3807 in
545 3743 704 3809 Sodomia
728 3755 761 3808 et
782 3744 954 3820 Gomorra,
975 3744 1030 3826 qui
1053 3744 1232 3826 pessimum
1252 3751 1365 3806 actum
1387 3741 1542 3805 dixerunt
1565 3763 1636 3806 esse
1657 3742 1781 3806 bonum
1804 3755 1837 3807 et

487 3865 612 3930 licitum
633 3877 666 3930 et
688 3887 752 3929 non
773 3865 917 3928 malum:
940 3865 1103 3927 ‘Reddite
1122 3884 1208 3944 ergo,
1225 3863 1491 3945 praevaricatores
1510 3863 1629 3926 divinae
1648 3862 1837 3938 voluntatis,

487 3997 521 4050 et
542 3987 761 4050 ordinacionis
783 3988 826 4049 ad
849 4006 913 4062 cor,
935 3985 1178 4048 considerantes
1198 4003 1311 4046 verum
1334 3983 1527 4060 evidencias,
1547 3991 1582 4046 et
1601 4004 1666 4046 non
1690 3983 1836 4050 carnales

487 4116 613 4170 vestras
633 4106 836 4182 affecciones,
857 4127 963 4188 neque
985 4105 1140 4178 dicentes,
1162 4103 1245 4167 “Sic
1265 4103 1352 4175 volo,
1372 4105 1417 4167 sic
1437 4103 1548 4185 jubeo,
1569 4103 1605 4167 fit
1629 4123 1688 4186 pro
1708 4104 1837 4168 racione

955 4240 962 4268 ¹
981 4243 1004 4290 A
1017 4239 1094 4290 blank
1107 4240 1132 4288 in
1144 4239 1185 4290 the
1197 4238 1302 4302 original
1316 4238 1370 4288 MS.
