4322 4936
714 417 813 474 LOCI
839 418 868 472 E
896 417 1020 473 LIBRO
1056 419 1314 476 VERITATUM.
1633 430 1694 499 ²⁰3

343 644 457 691 omnes
479 628 658 696 electiones
680 633 889 715 dignitatum,
913 643 946 697 et
973 645 1142 699 reservant
1163 635 1225 698 sibi
1258 635 1338 717 ipsis
1368 634 1549 700 elecciones
1575 655 1693 701 omnes

342 748 563 830 dignitatum:
597 762 631 817 et
657 752 727 836 jam
759 764 809 818 est
840 776 916 819 usus
947 756 980 819 in
1009 754 1135 836 Anglia
1165 757 1254 838 quod
1289 755 1440 821 homines
1469 757 1644 840 acquirunt
1672 779 1694 822 a

343 891 419 952 rege
440 871 619 954 licenciam,
635 885 673 939 ut
693 877 754 959 ipsi
778 886 911 959 possent
931 879 1080 959 accipere
1101 889 1135 942 et
1158 888 1330 960 acceptare
1352 879 1572 962 provisionem
1595 899 1693 962 papae

342 991 385 1053 ad
416 992 517 1057 talem
554 996 790 1079 episcopatum,
819 997 872 1062 vel
902 997 945 1061 ad
975 998 1078 1062 talem
1109 1000 1308 1063 decanatum
1341 999 1527 1083 eligibilem,
1558 1011 1592 1065 et
1622 1000 1695 1082 ipsa

343 1109 477 1178 licencia
506 1136 527 1178 a
557 1137 633 1198 rege
662 1127 801 1200 optenta
830 1139 918 1200 papa
951 1129 1059 1183 cassat
1091 1119 1290 1184 eleccionem
1320 1120 1443 1184 factam
1473 1120 1630 1185 canonice
1659 1119 1694 1183 in

342 1234 480 1298 ecclesia
502 1235 669 1320 Anglica;
692 1249 725 1303 et
748 1241 794 1303 sic
820 1239 983 1304 Ricardus
1009 1241 1166 1316 Andoew,
1190 1243 1335 1306 decanus
1357 1252 1540 1325 praetensus
1568 1239 1695 1305 Ebora·

342 1357 457 1434 censis,
477 1359 533 1439 qui
555 1357 671 1424 habuit
698 1359 866 1425 licenciam
889 1382 910 1424 a
935 1381 1011 1444 rege
1034 1361 1177 1444 Angliae,
1200 1362 1347 1426 Henrico
1370 1361 1488 1442 Sexto,
1510 1362 1553 1426 ad
1576 1381 1693 1444 accep·

342 1477 479 1543 tandam
496 1482 715 1562 provisionem
731 1503 827 1565 papae
844 1483 997 1547 Nicholai
1013 1485 1118 1566 quinti
1137 1486 1316 1549 decanatus
1333 1484 1478 1548 ecclesiae
1497 1481 1696 1548 cathedralis

344 1595 571 1680 Eboracensis‚
592 1601 669 1668 iecit
690 1603 889 1668 eleccionem
906 1602 1064 1668 Willelmi
1087 1605 1321 1688 Bernyngham
1342 1607 1375 1670 in
1394 1605 1475 1669 illud
1495 1606 1694 1670 decanatum

342 1722 463 1784 cassari
486 1732 519 1784 et
542 1723 723 1802 adnullari3
750 1734 784 1789 et
808 1725 885 1806 quia
910 1725 1047 1789 ministri
1073 1726 1159 1789 illius
1186 1726 1323 1790 ecclesia
1346 1725 1564 1789 Eboracensis
1587 1725 1696 1807 primo

344 1840 519 1906 noluerunt
547 1844 723 1909 admittere
755 1845 863 1928 ipsum
899 1843 1079 1911 Ricardum
1109 1847 1275 1928 provisum
1314 1848 1347 1910 in
1380 1847 1588 1924 decanatum,
1619 1846 1695 1910 ideo

340 1959 418 2026 iecit
442 1985 499 2028 eos
525 1985 584 2046 per
609 1965 701 2029 illum
728 1987 851 2049 papam
877 1969 1156 2033 excommunicari
1181 1979 1214 2033 et
1246 1969 1418 2033 ecclesiam
1445 1968 1537 2032 illam
1565 1967 1694 2032 Ebora-

341 2103 473 2146 censem
489 2105 509 2147 a
524 2085 642 2148 divinis
657 2086 772 2150 officiis
787 2107 883 2169 per..
896 2137 921 2151 ..
934 2089 1137 2170 septimanas
1155 2088 1320 2171 suspendi.
1365 2089 1447 2153 Vael
1470 2085 1540 2152 vae!
1562 2087 1632 2151 vae!
1659 2097 1694 2152 et

343 2206 476 2287 quando
500 2207 639 2272 abbates
660 2208 712 2272 vel
734 2208 790 2272 alii
813 2219 890 2273 sunt
913 2231 972 2292 per
997 2209 1167 2274 licenciam
1188 2231 1284 2293 papae
1308 2210 1467 2293 exempti,
1489 2219 1523 2274 et
1543 2208 1696 2292 jurisdic-

342 2323 424 2387 tioni
452 2323 523 2406 ejus
549 2325 688 2407 subjecti
716 2328 832 2406 solum,
861 2349 920 2393 nec
947 2329 1122 2393 visitantur
1146 2350 1205 2411 per
1231 2349 1352 2412 papam
1377 2349 1437 2393 nec
1464 2348 1523 2411 per
1549 2329 1694 2411 aliquem

343 2447 443 2509 alium
460 2449 660 2531 episcopum,
676 2458 709 2514 et
725 2450 771 2513 sic
791 2450 875 2531 perit
896 2450 1020 2513 bonum
1043 2451 1187 2532 regimen
1208 2451 1410 2514 animarum!
1442 2450 1562 2514 Nullus
1584 2459 1695 2532 potest

342 2567 509 2650 appellare
525 2570 567 2633 ad
583 2590 705 2652 papam
722 2581 755 2634 et
771 2571 816 2634 ire
832 2571 875 2634 ad
894 2591 1017 2654 papam
1037 2581 1132 2635 extra
1151 2591 1299 2652 regnum,
1316 2572 1378 2634 nisi
1399 2571 1488 2653 prius
1510 2570 1695 2653 praehabita

343 2689 478 2754 licencia
494 2690 589 2771 regis.

429 2821 468 2887 [p.
486 2821 555 2888 590]
600 2821 754 2887 Regnum
780 2819 922 2888 Anglioe.
968 2813 1070 2876 Anno
1102 2813 1238 2876 Domini
1269 2827 1359 2894 1455,
1390 2824 1423 2877 et
1453 2823 1538 2890 ante,
1564 2811 1695 2876 suerunt

344 2952 472 3013 magnae
503 2934 771 3014 perturbaciones
799 2935 832 2996 in
856 2933 990 3016 Anglia,
1009 2935 1142 2997 vivente
1168 2953 1245 3016 rege
1270 2933 1414 2998 Henrico
1436 2933 1503 3011 vi⁰;
1534 2941 1568 2996 et
1590 2935 1694 2997 eciam

343 3052 535 3116 bellandum
562 3053 624 3117 suit
655 3055 773 3118 eodem
804 3074 901 3130 anno,
927 3055 1015 3136 apud
1049 3053 1209 3118 Sanctum
1236 3053 1407 3116 Albanum
1438 3054 1471 3116 in
1500 3052 1633 3136 Anglia,
1662 3053 1696 3117 in

343 3174 521 3256 praesencia
542 3175 637 3258 regia,
664 3196 723 3257 per
748 3176 867 3238 ducem
892 3175 1039 3238 Eborum
1065 3175 1245 3238 Ricardum
1270 3183 1304 3237 et
1326 3195 1413 3251 suoS,
1434 3174 1499 3256 qui,
1522 3175 1627 3239 coacti
1650 3175 1693 3238 ad

341 3293 542 3373 bellandum,
557 3295 748 3359 occiderunt
763 3296 926 3359 diversos:
949 3296 1042 3377 cujus
1062 3294 1141 3358 belli
1162 3315 1261 3359 causa
1278 3293 1351 3358 haec
1369 3293 1441 3369 fuit,
1457 3295 1535 3376 quia
1556 3295 1694 3376 praedic·

343 3427 397 3481 tus
415 3417 486 3480 dux
506 3418 636 3499 scripsit
659 3418 726 3500 regi
749 3417 895 3482 Henrico
917 3417 1033 3494 Sexto,
1056 3438 1116 3500 per
1137 3417 1306 3480 doctorem
1328 3415 1456 3478 Wullet
1477 3415 1579 3498 ipsius
1599 3415 1694 3480 ducis

343 3539 573 3618 consessorem,
603 3550 640 3603 ut
669 3540 739 3622 ipse
770 3561 839 3614 rex,
870 3541 1017 3603 existens
1053 3550 1133 3602 tunc
1171 3539 1203 3600 in
1240 3537 1372 3601 civitate
1406 3535 1521 3602 Sancti
1556 3535 1692 3612 Albani,

342 3660 534 3743 dignaretur
559 3661 742 3725 deliberare
770 3661 987 3725 Edmundum
1018 3661 1135 3724 ducem
1167 3658 1377 3724 Somersetiae
1408 3658 1441 3721 in
1468 3677 1586 3722 manus
1612 3659 1695 3722 duo·

343 3802 416 3844 rum
447 3782 598 3858 militum,
630 3804 670 3847 ea
700 3783 896 3858 intencione,
928 3791 973 3861 ut,
1003 3783 1074 3846 sine
1103 3781 1216 3863 aliqua
1246 3799 1366 3862 pugna,
1397 3779 1487 3842 idem
1517 3780 1589 3842 dux
1625 3778 1694 3844 Ed·

343 3903 487 3966 mundus
516 3904 691 3967 duceretur
719 3903 752 3966 in
782 3904 897 3967 turrim
928 3903 1178 3966 Londoniarum
1208 3901 1241 3964 in
1271 3899 1457 3964 custodiam
1486 3899 1584 3979 licite,
1610 3899 1694 3966 sicut

343 4033 421 4087 ante
450 4023 531 4086 illud
556 4033 689 4107 tempus
716 4023 779 4087 suit
803 4024 1004 4088 deliberatus
1028 4024 1071 4087 ab
1097 4023 1154 4086 illa
1185 4021 1264 4086 turri
1294 4041 1353 4103 per
1382 4040 1494 4104 regem
1518 4021 1631 4086 illicite
1659 4029 1695 4086 et

343 4153 459 4208 contra
488 4145 661 4208 concilium
689 4146 802 4227 regni3
837 4155 871 4208 et
894 4144 965 4208 haec
996 4144 1117 4226 peticio
1147 4144 1240 4208 ducis
1267 4143 1415 4207 Eborum
1439 4142 1598 4207 exaudita
1627 4161 1694 4206 non

344 4264 425 4344 suit;
448 4266 537 4346 quod
561 4267 706 4344 audiens,
729 4267 800 4329 dux
825 4266 972 4330 Eborum
996 4287 1171 4348 aggressus
1197 4274 1276 4330 tunc
1300 4263 1361 4328 suit
1383 4263 1507 4328 bellum
1530 4284 1606 4328 cum
1629 4261 1695 4327 suis

974 4387 994 4430 ι)
1011 4373 1031 4432 d
1051 4388 1067 4430 2
