4338 4936
706 383 806 440 LOCI
831 385 861 438 E
889 383 1015 438 LIBRO
1050 381 1309 438 VERITATUM.
1662 389 1680 457 7

418 607 457 674 [p.
473 606 526 670 on]
558 599 649 662 Nam
679 598 860 682 Pragenses
885 597 1019 662 heretici
1046 604 1080 661 et
1106 595 1246 659 Bohemi
1272 595 1416 676 heretici,
1439 597 1495 679 qui
1526 617 1682 680 magnam

330 726 459 802 partem
494 720 583 783 orbis
617 719 685 783 suis
720 720 882 783 erroribus
915 728 949 782 et
987 718 1053 780 suis
1087 716 1184 780 bellis
1219 725 1431 782 vastaverunt
1466 718 1499 781 in
1533 727 1684 802 tempore

332 839 431 922 Papae
455 839 591 904 Martini
615 841 730 923 quinti,
750 863 795 904 ex
816 840 881 905 hoc
906 838 1071 922 praecipue
1094 836 1128 900 in
1152 857 1276 900 errores
1300 846 1469 914 venerunt,
1492 839 1583 921 quod
1607 860 1684 905 cura

330 959 513 1024 animarum
539 961 703 1026 intereos
729 961 850 1026 defecit
876 981 935 1046 per
958 959 1111 1041 indignos
1137 958 1171 1021 in
1197 957 1334 1022 ecclesia
1359 967 1541 1041 promotos,
1566 969 1600 1024 et
1626 981 1685 1044 per

332 1098 399 1143 non
428 1081 611 1146 residentes
640 1083 674 1146 in
705 1083 791 1146 curis
823 1090 858 1146 et
891 1082 925 1145 in
955 1080 1078 1155 officiis,
1105 1086 1139 1143 et
1168 1098 1228 1162 per
1253 1079 1538 1163 appropriationes
1564 1091 1598 1144 et
1628 1101 1686 1162 per

332 1202 547 1265 commendas
581 1201 792 1267 ecclesiarum
828 1211 864 1266 et
892 1201 1157 1284 prebendarum3
1192 1207 1229 1262 ut
1257 1209 1352 1282 patet
1382 1201 1415 1263 in
1445 1201 1548 1266 literis
1577 1201 1686 1264 missis

333 1320 433 1404 Papae
456 1322 611 1387 Romano
633 1323 780 1388 Martino
801 1323 844 1387 ab
865 1321 1089 1387 Universitate
1112 1320 1276 1404 Pragensi,
1293 1321 1327 1384 in
1347 1321 1466 1403 quibus
1486 1321 1685 1404 scripserunt

333 1440 434 1524 Papae
464 1444 554 1525 quod
584 1444 759 1508 verisimile
792 1443 856 1508 fuit
888 1462 1012 1507 errores
1042 1442 1076 1504 in
1106 1461 1208 1524 regno
1238 1439 1407 1505 Bohemiae
1442 1442 1592 1525 pululare
1625 1463 1686 1527 pro

333 1563 439 1627 causis
461 1563 639 1646 praedictis.

421 1692 459 1758 [p.
475 1692 527 1759 91.]
549 1693 832 1748 Astronomorum
849 1690 991 1759 judicia.
1019 1681 1244 1746 Consimiliter
1262 1681 1419 1746 dixerunt
1437 1682 1510 1746 salsi
1528 1683 1686 1765 astrologi

335 1804 390 1885 qui
416 1814 577 1869 vocantur
602 1805 817 1870 calculatores
842 1804 1013 1868 Willelmo
1038 1803 1120 1867 Pule
1148 1802 1223 1866 duci
1250 1800 1489 1868 Southfolchiae
1514 1824 1603 1868 anno
1626 1805 1686 1868 Xti

338 1935 420 2004 1450
442 1925 475 1987 in
497 1933 586 1989 turre
609 1924 858 1989 Londoniarum
884 1925 1112 2000 incarcerat03
1147 1923 1222 1987 duci
1248 1923 1336 1986 enim
1363 1923 1520 1990 existenti
1547 1925 1581 1988 in
1606 1927 1687 1990 turri

335 2064 380 2108 ex
410 2043 553 2109 clamore
578 2045 825 2110 communitatis
849 2044 985 2128 Angliae
1015 2044 1048 2106 in
1073 2042 1295 2107 Parliamento
1317 2043 1474 2108 dixerunt
1496 2047 1687 2124 astronomi,

335 2165 488 2228 ‘domine
518 2165 599 2243 dux,
625 2167 652 2229 si
682 2167 833 2250 poteritis
862 2167 1002 2230 evadere
1031 2164 1124 2228 vivus
1153 2163 1196 2227 ab
1227 2163 1290 2227 ista
1320 2165 1400 2227 turri
1431 2163 1687 2244 Londoniarum,

336 2285 397 2348 sub
420 2305 521 2368 poena
544 2286 662 2370 capitis
684 2288 787 2352 nostri
811 2287 910 2351 exitis
932 2294 1010 2351 tunc
1030 2305 1163 2348 securus
1184 2284 1227 2348 ab
1247 2284 1409 2349 occisione
1429 2284 1651 2370 cujuscunque
1664 2284 1688 2366 ;'

337 2414 372 2469 et
400 2413 474 2470 tum
503 2405 574 2488 ipse
603 2407 675 2471 dux
700 2427 760 2491 per
784 2407 955 2472 licenciam
983 2405 1087 2487 Regis
1113 2403 1247 2486 Angliae
1272 2404 1408 2470 Henrici
1436 2405 1533 2472 Sexti
1557 2428 1579 2470 a
1609 2408 1688 2472 turri

337 2524 587 2590 Londoniarum
613 2526 743 2592 occulte
769 2528 894 2606 exiens,
920 2527 953 2589 in
980 2525 1062 2588 mari
1089 2535 1206 2608 captus
1232 2524 1293 2589 luit
1318 2535 1352 2589 et
1377 2526 1504 2590 occisus
1529 2547 1588 2611 per
1613 2548 1688 2592 sen·

337 2646 478 2709 tentiam
507 2646 611 2710 latam
641 2667 662 2710 a
692 2647 824 2710 marinis
850 2647 884 2710 in
911 2646 986 2710 navi
1008 2654 1125 2709 vocata
1155 2645 1338 2710 Nicholaus
1368 2646 1412 2710 de
1440 2646 1547 2712 Turri.
1604 2649 1689 2714 Haec

338 2765 425 2830 dixit
448 2765 547 2830 michi
570 2766 713 2831 famulus
734 2767 884 2852 praedicti
908 2766 1000 2830 ducis
1023 2766 1079 2848 qui
1101 2766 1194 2830 novit
1216 2765 1279 2830 ista
1302 2787 1373 2830 esse
1395 2788 1483 2831 vera.

426 2884 650 2951 Consimiliter
675 2898 726 2953 est
752 2888 930 2954 dicendum
956 2888 1000 2951 de
1024 2885 1174 2969 pluribus
1197 2887 1324 2951 indiciis
1346 2898 1610 2952 astronomorum
1634 2891 1689 2971 qui

339 3005 374 3069 in
397 3005 515 3070 diebus
539 3007 622 3072 meis
648 3007 684 3071 in
704 3007 831 3090 Anglia
855 3008 961 3071 multa
982 3006 1092 3071 futura
1114 3008 1342 3089 praedixerunt
1364 3029 1504 3090 quorum
1527 3012 1690 3074 contraria

338 3125 443 3191 oculis
472 3127 592 3191 nostris
617 3127 786 3206 vidimus;
818 3128 1044 3210 praedixerunt
1070 3127 1167 3206 enim,
1190 3129 1279 3209 quod
1309 3128 1337 3190 si
1370 3129 1442 3192 dux
1474 3127 1690 3194 Suthlolchiae

339 3245 528 3310 Willelmus
562 3247 643 3312 Pule
677 3257 764 3312 esset
802 3249 909 3312 extra'
933 3248 1048 3311 turrim
1083 3245 1330 3312 Londoniarum
1367 3269 1536 3332 uunquam
1572 3264 1690 3333 postea

339 3375 427 3432 esset
451 3367 586 3442 occisus,
612 3376 646 3431 et
669 3376 783 3432 tamen
808 3377 926 3450 postea
952 3388 972 3431 a
1002 3368 1135 3431 marinis
1159 3368 1220 3432 luit
1247 3369 1280 3431 in
1307 3370 1389 3434 mari
1414 3370 1539 3435 occisus
1569 3379 1603 3434 et
1633 3371 1690 3435 de·

341 3486 480 3552 collatus
503 3487 537 3551 in
560 3507 661 3570 parva
684 3489 759 3552 navi
786 3499 869 3568 1450
891 3508 979 3552 anno
1003 3488 1073 3553 Xti.

429 3615 555 3684 [p.110.]
591 3615 796 3684 Baptismus.
821 3607 978 3674 Ostendit
1001 3607 1144 3674 Sanctus
1168 3608 1362 3687 Bernardus,
1388 3610 1505 3675 doctor
1527 3621 1561 3675 et
1587 3611 1691 3676 abbas

342 3725 544 3805 Clarevallis,
575 3727 608 3790 in
642 3728 783 3810 epistola
819 3729 867 3823 ad*
896 3727 1010 3792 Adam
1041 3727 1238 3792 monachum
1269 3731 1311 3794 de
1341 3730 1541 3795 obediencia.
1600 3733 1691 3813 Papa

342 3857 458 3912 contra
485 3868 609 3911 meram
635 3849 800 3912 racionem
827 3858 862 3913 et
889 3847 1093 3931 Scripturam
1115 3869 1242 3914 sacram
1269 3849 1357 3915 licite
1382 3851 1488 3915 lacere
1514 3852 1566 3916 vel
1592 3853 1692 3916 licen·

343 3969 428 4033 ciare
446 3989 512 4032 non
528 3978 647 4051 potest,
663 3970 740 4052 quia
759 3969 828 4052 ejus
846 3978 996 4052 potestas
1014 3972 1093 4034 data
1113 3971 1156 4034 sit
1175 3971 1208 4034 in
1228 3970 1486 4036 aedificacionem
1506 3973 1691 4036 animarum

342 4097 378 4158 et
404 4109 518 4153 eorum
549 4109 624 4174 quae
656 4089 730 4154 Deo
760 4090 900 4173 placent,
925 4100 959 4154 et
988 4111 1054 4154 non
1084 4101 1121 4154 ut
1151 4092 1331 4156 secundum
1361 4091 1567 4158 voluntatem
1596 4113 1692 4158 suam

345 4208 452 4286 iaciat,
468 4217 502 4274 ct
522 4209 548 4272 si
569 4210 671 4274 verbo
691 4230 751 4274 suo
766 4210 819 4276 vel
839 4210 926 4275 lacto
945 4211 1106 4275 contraria
1128 4211 1235 4290 iaciat,
1252 4211 1303 4276 vel
1324 4212 1512 4294 ignorantia
1533 4213 1694 4296 decipitur
