4322 4936
483 395 546 460 216
854 406 952 460 LOCI
980 407 1008 460 E
1038 407 1162 461 LIBRO
1198 408 1459 467 VERITATUM.

483 622 557 704 ‘qui
579 632 613 686 te
634 623 770 688 beatum
795 623 918 704 dicunt,
939 626 1001 708 ipsi
1025 634 1059 690 te
1083 625 1272 708 decipiunt!
1317 627 1394 712 lpse
1416 629 1503 693 enim
1525 629 1643 708 Pccok,
1663 631 1837 714 episcopus

484 739 708 822 Cicestrensis,
731 767 819 810 anno
847 746 983 809 Domini
1013 745 1092 828 Jesu
1124 746 1299 811 millesimo
1322 756 1435 814 ccccmo
1458 750 1734 833 quinquagesimo
1763 771 1837 834 sep-

482 864 574 942 timo,
599 873 632 929 2⁸
657 865 822 930 dominica
852 868 1014 931 adventus
1042 867 1186 944 Domini,
1214 889 1290 951 quae
1320 867 1382 934 fuit
1409 869 1480 952 iiij*
1502 872 1557 936 die
1576 872 1779 951 Decembris
1803 874 1835 936 in

482 987 662 1068 praesencia
687 985 757 1050 xxti
781 985 870 1050 milia
892 986 1073 1066 hominum,
1097 987 1249 1052 inductus
1272 988 1306 1052 in
1326 989 1442 1056 habitu
1462 991 1650 1076 episcopali,
1668 993 1711 1057 ad
1735 993 1836 1077 pedes

481 1106 717 1190 archiepiscopi
746 1107 993 1172 Cantuariensis
1023 1107 1148 1172 domini
1176 1108 1318 1172 Thomae
1345 1111 1480 1188 Boucer,
1507 1122 1541 1177 et
1571 1114 1717 1197 episcopi
1746 1110 1835 1177 Lon·

481 1229 627 1293 dinensis
665 1229 788 1313 Kemp,
818 1241 852 1294 et
890 1231 1035 1312 episcopi
1074 1230 1240 1294 Roffensis
1279 1231 1369 1309 Low,
1405 1233 1550 1297 doctoris
1587 1233 1620 1296 in
1651 1233 1835 1316 Theologia

482 1349 636 1425 Oxoniae,
660 1362 694 1416 et
718 1351 862 1435 episcopi
890 1351 1134 1430 Dunelmensis‚
1155 1351 1319 1434 abjuravit
1344 1354 1388 1416 ibi
1413 1354 1535 1436 scripta
1558 1375 1618 1418 sua
1643 1364 1677 1419 et
1703 1355 1834 1419 conclu-

480 1473 589 1535 siones
612 1493 688 1536 suas
711 1473 858 1555 scriptas
873 1471 1042 1554 abjuratas
1065 1493 1124 1554 per
1146 1493 1220 1535 eum
1244 1472 1349 1554 pridie
1373 1474 1405 1535 in
1429 1475 1576 1538 manerio
1599 1474 1833 1559 archiepiscopi

482 1591 727 1658 Cantuariensis
749 1595 791 1658 de
809 1591 986 1668 Lamheth,
1011 1593 1044 1655 in
1064 1594 1244 1676 praesencia
1268 1610 1310 1672 24
1331 1594 1504 1659 doctorum
1529 1595 1562 1656 in
1585 1593 1777 1677 Theologia,
1800 1606 1833 1660 et

480 1723 547 1776 tres
569 1734 708 1798 magnos
734 1714 835 1778 libros
859 1734 936 1778 suos
963 1733 1126 1786 erroneos,
1149 1733 1224 1776 cum
1249 1715 1402 1778 undecim
1427 1714 1500 1778 aliis
1524 1715 1557 1777 in
1578 1716 1747 1799 quaternis
1774 1737 1833 1780 ex-

479 1833 626 1915 istentes,
641 1836 777 1900 tradidit
801 1836 932 1900 cuidam
955 1835 1025 1898 viro
1047 1834 1187 1917 propriis
1211 1835 1372 1914 manibus,
1388 1835 1444 1917 qui
1468 1836 1534 1918 igni
1559 1837 1685 1919 ingenti
1709 1837 1831 1900 ibidem

479 1967 664 2039 praeparato
690 1956 920 2034 committeret,
943 1965 977 2019 et
1000 1955 1046 2018 sic
1071 1954 1194 2018 factum
1218 1965 1297 2019 tunc
1323 1954 1385 2020 fuit
1409 1955 1591 2020 Londoniis
1615 1957 1648 2020 in
1672 1957 1831 2022 cimiterio

478 2077 625 2142 ecclesiae
645 2077 843 2143 cathedralis
862 2075 1058 2140 sanctissimi
1082 2075 1183 2151 Pauli,
1200 2076 1344 2158 apostoli
1364 2076 1444 2157 Jesu
1467 2076 1543 2154 Xti;
1567 2087 1601 2141 et
1619 2078 1706 2143 dixit
1726 2079 1829 2142 eciam

478 2199 567 2262 idem
598 2199 772 2282 episcopus
802 2197 910 2261 Pecok
941 2195 1082 2278 publice,
1112 2193 1300 2278 ‘Superbia
1330 2217 1403 2260 mea
1441 2207 1474 2261 et
1506 2199 1723 2280 praesumpcio
1757 2219 1831 2263 mea

478 2321 680 2383 induxerunt
708 2339 762 2382 me
792 2320 825 2382 in
848 2317 919 2382 haec
948 2316 1035 2380 mala
1066 2325 1099 2380 et
1121 2316 1334 2399 opprobria3’
1365 2327 1399 2380 et
1424 2326 1542 2400 postea
1568 2317 1829 2402 archiepiscopus

478 2437 733 2519 Cantuariensis,
755 2439 904 2503 Thomas
930 2438 1081 2516 Bourcer,
1105 2437 1275 2501 mandavit
1298 2457 1374 2500 eum
1397 2440 1439 2502 ad
1466 2437 1647 2513 Madiston,
1668 2438 1828 2520 judicium

477 2569 741 2642 expectaturum.
789 2561 855 2623 lste
881 2557 990 2622 Pecok
1015 2559 1198 2640 episcopus,
1221 2558 1277 2639 qui
1296 2557 1456 2622 Wallicus
1482 2559 1606 2640 origine
1632 2557 1702 2632 fuit,
1725 2579 1829 2642 quon-

477 2684 555 2746 dam
588 2683 695 2747 socius
729 2685 760 2745 in
792 2682 930 2764 collegio
961 2682 1003 2743 de
1032 2678 1122 2744 Orici
1147 2681 1179 2742 in
1208 2678 1351 2757 Oxonia,
1377 2681 1507 2743 vocavit
1539 2680 1571 2742 in
1602 2680 1732 2762 scriptis
1762 2682 1828 2743 suis

476 2805 709 2886 praedicatores
724 2803 881 2886 puplicos,
897 2803 1092 2866 clamatores
1114 2803 1146 2863 in
1163 2800 1308 2883 pulpitis,
1329 2803 1399 2884 ipse
1419 2801 1506 2864 enim
1529 2802 1702 2884 episcopus
1720 2802 1827 2866 Pecok

475 2939 587 2989 actum
603 2926 812 3007 praedicandi,
830 2935 1006 3006 postquam
1024 2922 1084 2986 fuit
1103 2924 1285 3005 episcopus,
1304 2943 1368 2986 non
1384 2923 1625 3005 frequentabat,
1642 2933 1676 2986 et
1693 2925 1826 3006 quando

476 3048 641 3111 revocavit
657 3045 880 3110 conclusiones
899 3066 975 3108 suas
992 3064 1144 3108 erroneas
1160 3054 1193 3108 et
1208 3043 1378 3107 haereticas
1396 3045 1438 3106 ad
1455 3063 1584 3108 crucem
1602 3043 1715 3107 Sancti
1733 3044 1824 3108 Pauli

474 3168 617 3251 apostoli
647 3168 736 3232 fama
765 3167 835 3244 fuit,
869 3167 895 3230 si
928 3167 998 3248 ipse
1028 3165 1252 3228 descendisset
1286 3166 1330 3229 ad
1360 3166 1481 3246 ignem,
1514 3164 1547 3227 in
1577 3185 1643 3246 quo
1673 3164 1746 3228 libri
1776 3165 1824 3228 sui

474 3289 760 3367 comburebantur,
776 3287 918 3373 populus
941 3287 985 3350 ibi
1007 3306 1082 3349 eum
1102 3285 1291 3367 projecisset
1311 3287 1345 3348 in
1364 3285 1456 3347 illum
1478 3286 1599 3367 ignem.
1633 3283 1664 3350 O
1681 3285 1825 3348 Domine

475 3407 587 3474 Deus!
618 3411 693 3494 ‘qui
720 3409 858 3492 posuisti
889 3419 1019 3486 terram,
1045 3407 1214 3489 quondam
1240 3403 1450 3484 fructiferam,
1478 3405 1511 3468 in
1538 3405 1738 3487 salsuginem
1765 3425 1824 3488 pro

476 3533 605 3598 malicia
628 3532 852 3598 habitancium
874 3530 906 3593 in
927 3528 983 3604 ea,'
1009 3529 1058 3592 1³⁰.
1073 3527 1142 3599 106,
1159 3537 1195 3591 tu
1217 3530 1280 3592 scis
1303 3528 1423 3606 omnia,
1444 3537 1480 3592 tu
1496 3528 1583 3591 enim
1599 3528 1661 3592 scis
1683 3527 1824 3610 qualiter

474 3655 537 3720 iste
564 3657 650 3718 idem
675 3653 783 3717 Pecok
808 3653 980 3734 episcopus
1006 3649 1203 3732 vituperavit
1229 3658 1263 3713 et
1290 3649 1424 3731 indigne
1451 3649 1653 3731 appreciavit
1678 3648 1767 3713 dicta
1790 3659 1823 3714 et

473 3777 595 3858 scripta
621 3785 808 3839 sanctorum
835 3773 1007 3837 doctorum
1033 3770 1147 3835 Sancti
1173 3769 1342 3852 Jeronimi,
1367 3769 1480 3835 Sancti
1503 3769 1682 3846 Ambrosii,
1706 3769 1821 3834 Sancti

473 3897 664 3981 Augustini,
688 3895 802 3961 Sancti
826 3893 973 3977 Gregorii
1004 3913 1109 3976 papae,
1136 3902 1169 3956 et
1199 3892 1337 3956 aliorum
1368 3902 1556 3955 sanctorum
1581 3900 1614 3955 et
1640 3892 1821 3968 doctorum,

473 4019 562 4082 unde
580 4019 650 4100 ipsc
670 4018 874 4098 vituperator
891 4013 1020 4078 illorum
1040 4023 1228 4078 sanctorum
1248 4014 1366 4077 merito
1384 4013 1631 4096 vituperabatur
1650 4033 1670 4076 a
1689 4011 1821 4075 milibus

473 4139 654 4214 hominum,
678 4149 711 4202 et
737 4159 808 4220 ego,
830 4146 966 4202 vocatus
990 4136 1147 4220 magister
1168 4135 1317 4199 Thomas
1341 4131 1536 4216 Gascoigne,
1560 4135 1678 4198 doctor
1707 4132 1819 4196 Theo·

473 4263 579 4344 logiae,
597 4270 630 4325 et
649 4258 862 4324 cancellarius
880 4258 1032 4337 Oxoniae,
1047 4259 1146 4324 credo
1163 4257 1299 4323 firmiter
1314 4223 1403 4338 quod
1420 4257 1491 4338 ipse
1506 4255 1679 4338 episcopus
1699 4253 1819 4330 Pccok,
