4322 4936
707 396 806 451 LOCI
832 395 861 448 E
889 395 1014 448 LIBRO
1049 392 1310 447 VERITATILII.
1626 397 1688 464 173

423 617 457 685 [p.
477 617 543 687 ιρι]
589 609 620 674 O
642 611 748 692 papa!
775 610 860 688 vide,
876 609 961 685 vide,
976 608 1061 687 vide,
1084 629 1126 671 ne
1149 605 1355 690 dispensacio
1377 612 1444 683 tu'a,
1463 606 1523 671 i.e.
1539 605 1687 681 licencia,

331 741 406 795 ate
426 732 516 809 data,
539 739 573 794 et
595 730 666 813 ejus
689 752 767 794 usus
790 751 848 794 seu
870 729 1001 805 abusus,
1025 730 1068 794 sit
1090 730 1229 793 offensio
1251 729 1304 793 vel
1327 730 1531 806 scandalum,
1551 729 1571 792 i.
1585 751 1613 793 e.
1629 750 1686 794 oe-

332 851 428 928 casio,
461 853 585 915 motiva
613 853 657 916 ad
689 851 813 915 malum
844 851 992 934 pluribus
1024 851 1214 915 hominibus
1244 871 1302 934 per
1331 872 1427 914 usum
1457 873 1515 915 seu
1545 852 1686 915 abusum

331 973 418 1035 illius
442 993 592 1055 personae
619 974 671 1036 cui
694 973 822 1055 praebes
845 973 1130 1055 dispensacionem
1153 994 1211 1036 seu
1234 972 1404 1038 licenciam
1427 972 1470 1036 ad
1497 971 1684 1036 iaciendum

330 1093 456 1175 aliquid
480 1093 533 1157 vel
559 1094 603 1156 ad
630 1113 695 1156 non
722 1093 910 1156 laciendum
933 1093 1070 1175 aliquid,
1092 1094 1183 1175 quod
1205 1093 1330 1158 factum
1354 1103 1441 1158 recte
1467 1094 1552 1158 sorte
1577 1093 1687 1176 placet

331 1213 416 1289 Deo,
448 1223 482 1277 et
511 1213 574 1277 hoc
605 1214 694 1296 quod
725 1215 818 1277 Deus
848 1223 939 1276 amat
972 1214 1042 1276 fieri
1072 1235 1132 1297 per
1167 1224 1259 1278 tuam
1296 1215 1476 1280 licenciam.
1533 1215 1564 1280 Ο
1599 1236 1688 1298 papa

331 1336 469 1400 Romae!
501 1335 681 1399 destruitur
704 1346 738 1399 et
766 1334 949 1413 retrahitur,
976 1335 1060 1400 sicut
1084 1335 1155 1416 jam
1180 1335 1352 1400 manifeste
1378 1348 1471 1420 patet
1495 1338 1528 1401 in
1551 1337 1686 1422 Anglia,

332 1467 365 1521 et
399 1458 433 1520 in
464 1457 613 1538 pluribus
643 1457 787 1521 licenciis
825 1456 988 1520 concessis
1021 1476 1042 1518 a
1075 1476 1172 1538 papa,
1205 1458 1295 1540 quod
1325 1458 1475 1523 homines
1512 1469 1590 1524 sunt
1628 1481 1687 1523 ex·

332 1579 436 1662 empti
471 1577 514 1641 ab
551 1577 786 1640 observacione
823 1576 981 1660 regularis
1017 1576 1227 1658 professionis
1264 1588 1297 1642 et
1334 1580 1565 1654 observanda,
1601 1589 1634 1643 et
1667 1600 1688 1642 a

331 1700 537 1764 correccione
575 1699 624 1762 sui
662 1698 817 1780 episcopi.
879 1698 975 1776 Item,
1012 1697 1149 1762 licencia
1189 1719 1286 1782 papae
1327 1701 1370 1765 de
1406 1701 1594 1782 pluralitate
1629 1700 1688 1763 ha-

331 1823 450 1898 benda,
479 1841 537 1884 seu
564 1821 607 1883 ad
638 1820 704 1882 duo
735 1818 997 1901 incompatibilia
1027 1820 1197 1884 beneficia.
1252 1821 1347 1900 Item,
1377 1821 1513 1886 licencia
1543 1822 1688 1904 pessima

331 1945 374 2006 de
401 1943 545 2007 ecclesiis
575 1941 826 2023 parochialibus,
852 1961 927 2022 quae
958 1952 1067 2004 essent
1093 1952 1191 2005 rectae
1220 1963 1279 2024 per
1304 1945 1410 2007 bonos
1438 1955 1588 2018 rectores,
1612 1965 1688 2026 quae

331 2066 378 2127 ita
412 2064 666 2147 appropriantur
699 2063 907 2125 monasteriis
945 2072 979 2124 et
1016 2062 1161 2128 ecclesiis
1198 2063 1381 2146 collegiatis
1417 2085 1476 2128 seu
1513 2065 1687 2128 cathedra-

331 2186 426 2263 libus,
463 2185 552 2268 quod
591 2184 841 2266 approprietarii
877 2184 1089 2247 ecclesiarum
1125 2205 1191 2250 non
1229 2196 1385 2250 tenentur
1421 2208 1480 2269 per
1516 2187 1687 2252 licenciam

332 2327 429 2389 papae
456 2325 518 2368 nec
545 2305 705 2368 exhibere
728 2304 935 2386 parochianis
965 2305 1120 2384 ecclesiae,
1144 2327 1204 2370 nec
1230 2307 1355 2370 bonum
1385 2308 1541 2371 vicarium
1572 2329 1689 2391 perpe·

331 2437 435 2506 tuum,
459 2447 519 2490 nec
549 2435 699 2490 curatum
730 2435 938 2507 perpetuum,
962 2427 1021 2489 sed
1052 2447 1154 2490 unum
1185 2430 1392 2492 sacerdotem
1422 2429 1525 2493 talem
1555 2430 1688 2511 qualem

333 2547 491 2612 mobilem
523 2557 557 2611 et
587 2547 678 2610 omni
705 2547 760 2609 die
789 2567 809 2609 a
838 2546 1001 2610 beneficio
1031 2568 1090 2630 per
1120 2550 1315 2613 mandatum
1347 2551 1607 2633 approprietarii,
1636 2552 1688 2614 cui

332 2670 470 2734 ecclesia
495 2669 746 2752 appropriatur;
774 2678 807 2731 et
832 2669 878 2731 sic
905 2688 963 2732 nec
989 2669 1077 2733 bona
1100 2691 1202 2754 opera
1227 2670 1310 2735 fiunt
1333 2672 1367 2734 in
1390 2671 1546 2754 parochia
1568 2691 1628 2736 nec
1655 2672 1688 2734 in

332 2793 548 2874 parochianis,
565 2813 640 2874 quae
665 2790 782 2854 tierent
805 2811 865 2872 per
888 2791 1013 2854 bonum
1035 2803 1196 2856 rectorem
1218 2794 1427 2872 residentem,
1442 2813 1503 2857 nec
1524 2793 1579 2856 illa
1600 2793 1689 2857 bona

332 2934 407 2995 quae
430 2914 547 2978 fierent
569 2935 629 2995 pro
652 2913 715 2975 illis
737 2912 953 2995 parochianis,
978 2932 1038 2976 nec
1061 2912 1118 2976 illa
1140 2915 1229 2978 bona
1251 2935 1326 2996 quae
1354 2935 1420 2978 non
1443 2913 1549 2977 solum
1573 2913 1690 2978 fierent

332 3056 394 3118 pro
423 3035 640 3118 parochianis,
670 3036 730 3098 sed
758 3035 862 3098 eciam
892 3055 935 3097 ex
966 3035 1080 3098 debito
1110 3035 1227 3100 fierent
1257 3056 1367 3100 coram
1391 3036 1456 3099 illis
1482 3033 1689 3119 parochianis

333 3166 368 3220 et
392 3156 456 3219 illis
484 3157 700 3239 parochianis,
724 3157 809 3219 sicut
842 3166 892 3219 est
919 3155 1043 3220 bonum
1074 3158 1265 3240 exemplum
1292 3158 1396 3221 curati
1427 3177 1503 3221 cum
1534 3157 1580 3219 eis
1610 3157 1688 3218 resi-

334 3278 452 3355 dentis,
479 3287 513 3340 et
544 3278 666 3341 devota
695 3277 805 3340 oracio
835 3296 910 3339 cum
942 3277 987 3339 eis
1017 3286 1051 3342 et
1082 3297 1192 3340 coram
1223 3279 1270 3345 eis
1302 3278 1397 3354 lacta,
1429 3279 1462 3340 in
1495 3276 1688 3358 exemplum

333 3398 480 3481 ipsorum
507 3397 788 3480 parochianorum,
816 3407 853 3460 ut
879 3397 941 3479 ipsi
968 3398 1014 3461 sic
1041 3399 1162 3462 devote
1192 3409 1332 3463 orarent.
1387 3399 1482 3476 Item,
1509 3397 1688 3461 elemosina

334 3529 369 3582 et
392 3519 587 3602 praedicacio
608 3520 784 3583 verborum
808 3528 841 3592 et
864 3517 1026 3582 sactorum
1045 3518 1126 3599 Jesu
1149 3519 1209 3582 Xti
1233 3519 1342 3583 fienda
1363 3519 1448 3582 inter
1470 3517 1688 3600 parochianos

334 3639 501 3715 deficiunt,
533 3649 567 3703 et
601 3649 739 3723 pereunt
776 3660 835 3720 per
871 3639 1177 3720 appropriacionem
1209 3639 1428 3712 ecclesiamm,
1460 3649 1493 3702 et
1528 3659 1587 3721 per
1622 3657 1688 3701 non

335 3761 517 3823 residentes
541 3771 673 3824 curatos
697 3769 730 3824 et
755 3758 979 3842 pluralitatem
1006 3760 1224 3838 ecclesiarum,
1250 3771 1283 3824 et
1310 3760 1499 3832 officiorum,
1523 3768 1557 3823 et
1582 3758 1688 3841 digni·

334 3888 452 3958 tatum,
479 3901 555 3962 quae
586 3889 723 3944 vocatur
748 3880 866 3942 Romae
897 3880 1063 3962 capacitas
1092 3880 1136 3943 ad
1167 3879 1435 3962 incompatibilia,
1464 3879 1516 3942 vel
1547 3879 1590 3942 ad
1621 3879 1688 3942 duo

334 4000 495 4064 beneficia
523 4001 576 4065 vel
605 4003 648 4064 ad
679 4001 751 4076 tria,
775 4010 837 4064 etc.
892 3999 938 4064 Et
960 4000 1056 4083 plura
1079 4001 1166 4064 mala
1196 4021 1255 4083 per
1277 3998 1348 4064 haec
1380 4009 1517 4082 peccata
1547 3998 1689 4064 exhorta

335 4120 436 4185 fuisse
466 4123 604 4204 cognovi
642 4123 675 4184 in
706 4133 855 4205 tempore
885 4123 921 4184 ix
952 4143 1124 4204 paparum,
1153 4142 1292 4204 quorum
1327 4131 1479 4204 tempore
1511 4141 1574 4203 ego
1607 4121 1687 4195 vixi,

335 4241 356 4304 i.
372 4263 400 4305 e.
431 4243 493 4306 sub
524 4242 701 4308 Bonefacio
728 4243 787 4322 ix⁰,
824 4243 1022 4308 Innocencio
1055 4251 1097 4324 7⁰,
1128 4242 1285 4325 Gregorio
1309 4241 1380 4324 xij0,
1414 4241 1611 4306 Alexandro
1643 4249 1687 4323 5⁰,
