4322 4936
465 385 531 452 218.
843 398 942 453 LOCI
966 398 997 450 E
1025 397 1149 453 LIBRO
1184 398 1444 455 VERITATUM.

465 613 656 696 Quadrivio‚
686 635 774 679 anno
802 615 938 678 Domini
966 620 1014 677 m⁰
1044 619 1155 679 ccccmo
1183 614 1457 697 quinquagesimo
1488 615 1638 698 septimo,
1664 613 1731 695 xvij
1764 612 1819 675 die

466 737 589 799 mensis
605 735 810 812 Decembris,
827 737 930 801 indie
946 736 1086 810 sabbati,
1103 736 1136 797 in
1155 736 1334 818 praesencia
1351 746 1431 800 tunc
1451 735 1646 801 Cancellarii
1666 734 1819 811 Oxoniae,

463 857 608 920 doctoris
626 856 767 920 Thomae
788 857 1004 935 Chaundeler,
1020 865 1099 920 tunc
1119 856 1224 920 eciam
1243 858 1389 921 custodis
1413 857 1500 920 Novi
1524 855 1665 939 Collegii
1688 853 1819 918 Winto·
1925 850 1928 856 “

464 977 587 1042 niensis
614 979 647 1041 in
674 977 828 1056 Oxonia3
859 977 970 1060 plures
996 977 1084 1041 enim
1110 976 1252 1040 haereses
1278 987 1312 1042 et
1339 997 1464 1041 errores
1486 979 1597 1059 posuit
1620 977 1681 1040 iste
1709 973 1819 1039 Pacok

464 1099 639 1181 episcopus
670 1099 703 1162 in
733 1100 800 1162 suis
830 1099 921 1162 libris
950 1098 1090 1182 propriis
1119 1097 1324 1181 Anglicanis‚
1356 1118 1496 1180 quarum
1532 1095 1652 1180 aliquae
1688 1115 1819 1179 magnae

463 1215 607 1280 haereses
630 1227 745 1281 contra
765 1217 944 1282 cimbolum
970 1235 1007 1282 12
1029 1216 1256 1299 apostolorum
1275 1226 1393 1298 patent
1416 1219 1448 1280 in
1467 1227 1544 1281 actu
1569 1237 1637 1281 suae
1658 1215 1819 1299 abjuraci·

464 1339 545 1414 onis,
570 1357 670 1420 quam
694 1338 764 1421 ipse
787 1339 898 1402 Pacok
920 1339 1095 1421 episcopus
1117 1337 1249 1421 legebat
1272 1340 1305 1401 in
1328 1339 1457 1421 scriptis
1479 1339 1523 1402 ad
1546 1357 1676 1404 crucem
1703 1337 1819 1403 Sancti

467 1457 568 1537 Pauli,
591 1472 679 1522 anno
706 1459 842 1522 Domini
869 1459 1038 1541 praedicto,
1066 1458 1201 1540 quando
1228 1457 1300 1522 libri
1328 1459 1400 1540 ejus
1426 1459 1558 1522 suerunt
1583 1459 1628 1522 ibi
1654 1457 1819 1522 combusti

465 1599 577 1643 coram
601 1601 652 1644 xx
680 1580 813 1644 milibus
834 1579 1008 1644 hominum
1035 1590 1069 1644 et
1095 1579 1190 1643 ultra.
1236 1579 1311 1643 Lex
1338 1579 1474 1662 Angliae
1500 1591 1550 1644 est
1576 1581 1666 1662 quod
1694 1579 1819 1643 domini

467 1701 686 1784 parliamenti,
709 1703 855 1767 accusati
877 1704 920 1767 de
943 1723 1065 1785 magno
1087 1701 1232 1780 crimine,
1254 1722 1313 1784 per
1334 1703 1510 1766 duodecim
1534 1722 1630 1784 pares
1656 1721 1734 1764 suos
1760 1701 1819 1764 do-

466 1823 573 1886 minos
590 1823 739 1900 barones,
759 1824 883 1888 debent
906 1836 966 1906 pro
988 1833 1143 1888 accusato
1166 1844 1186 1886 a
1208 1823 1344 1887 crimine
1367 1824 1396 1886 ei
1420 1823 1575 1906 imposito
1598 1824 1747 1887 excusari
1767 1821 1819 1886 vel

465 1943 499 2006 in
515 1944 650 2008 crimine
665 1945 727 2008 sibi
743 1945 900 2028 imposito
916 1943 1058 2008 finaliter
1075 1964 1136 2025 pro
1156 1965 1211 2008 reo
1233 1945 1460 2026 pronunciari;
1483 1944 1542 2008 sed
1563 1945 1627 2008 iste
1646 1943 1820 2027 episcopus

467 2064 586 2144 Pacok,
606 2063 765 2130 Wallicus
788 2065 968 2143 nativitate,
986 2066 1153 2129 accusavit
1175 2074 1307 2129 sanctos
1329 2066 1483 2148 antiquos
1505 2065 1659 2130 doctores
1681 2084 1820 2148 magnos

465 2186 509 2250 de
528 2185 682 2264 falsitate,
700 2205 758 2249 seu
782 2186 1015 2251 insufficiencia
1037 2186 1234 2269 scriptorum
1254 2188 1436 2251 eorundem
1459 2188 1651 2266 doctorum;
1678 2185 1737 2250 sed
1759 2205 1820 2250 nec
1928 2235 1930 2240 .

467 2306 513 2371 eis
532 2309 566 2370 in
584 2317 700 2371 sancta
719 2308 787 2370 vita
810 2327 869 2371 nec
891 2307 1056 2371 incorum
1080 2327 1202 2389 magna
1225 2308 1366 2372 sciencia
1387 2319 1421 2372 et
1442 2329 1555 2372 eorum
1576 2307 1741 2373 miraculis
1760 2307 1820 2372 luit

466 2429 538 2510 ipse
561 2427 671 2492 Pacok
694 2427 853 2509 probatus
874 2428 922 2491 eis
945 2428 1097 2509 aequalis3
1122 2427 1206 2506 ideo,
1225 2449 1282 2492 eos
1302 2429 1489 2510 reprobans,
1512 2429 1683 2512 sagittavit
1706 2439 1821 2493 contra

466 2549 572 2613 solem
602 2561 635 2614 et
664 2551 786 2630 sagitta
816 2571 876 2612 sua
906 2551 1046 2631 propria,
1068 2549 1160 2631 justo
1185 2551 1248 2613 Dei
1275 2550 1409 2632 judici0,
1433 2551 1558 2614 excidit
1588 2571 1686 2634 super
1711 2548 1820 2634 capud

466 2673 637 2753 proprium
661 2672 762 2753 ipsius
789 2671 934 2754 episcopi
959 2671 1172 2734 Cicestrensis
1195 2672 1373 2754 Reginaldi
1397 2671 1517 2737 Pacok.

556 2803 589 2869 [p.
606 2801 676 2870 ⁵99]
720 2801 806 2857 Rex.
852 2792 1076 2857 Consimiliter
1098 2793 1224 2857 domini
1247 2795 1368 2858 austeri
1390 2804 1423 2858 et
1447 2793 1552 2876 rigidi,
1570 2803 1605 2857 et
1626 2793 1683 2875 qui
1706 2793 1821 2874 dedig-

468 2923 588 2978 nantur
611 2915 724 2980 audire
750 2935 933 2998 pauperum
956 2935 1081 2990 causas,
1097 2927 1173 2980 sunt
1196 2935 1293 2979 causa
1316 2937 1417 2998 quare
1440 2935 1505 2979 non
1527 2924 1710 2997 agnoscunt
1733 2911 1820 2976 mala

469 3047 503 3101 et
521 3037 653 3120 injurias
673 3033 737 3125 [et]
762 3038 985 3116 subditorum;
1010 3048 1043 3102 et
1066 3038 1171 3101 eciam
1193 3039 1317 3101 subditi
1339 3038 1453 3102 vident
1476 3037 1566 3120 quod
1590 3035 1646 3099 alii
1669 3043 1820 3117 quaerunt

468 3159 650 3222 remedium
674 3179 695 3221 a
720 3159 949 3240 superioribus,
977 3168 1011 3222 et
1037 3178 1104 3220 non
1131 3157 1256 3222 habent
1282 3158 1473 3234 remedium,
1501 3167 1534 3220 et
1559 3157 1635 3219 ideo
1665 3153 1727 3236 ipsi
1754 3173 1819 3216 non

466 3289 620 3361 quaerunt
642 3281 824 3344 remedium
848 3281 891 3343 ab
918 3279 973 3358 eis,
996 3281 1075 3362 quia
1101 3300 1166 3342 non
1188 3279 1302 3342 vident
1332 3279 1422 3360 quod
1447 3285 1691 3359 consequentur
1716 3293 1820 3338 reme-

468 3400 570 3464 dium.
609 3399 710 3465 Unde
732 3401 854 3465 talibus
873 3401 1017 3465 dominis
1036 3401 1157 3465 terreni
1178 3399 1257 3464 dicit
1273 3399 1437 3462 Dominus
1453 3399 1555 3477 Deus,
1570 3397 1682 3461 Ysaiae
1703 3397 1818 3479 primo,

467 3519 620 3603 ‘Pupillo
646 3542 712 3585 non
732 3521 883 3603 judicant
908 3531 941 3586 et
967 3541 1067 3586 causa
1093 3521 1202 3584 viduae
1229 3540 1295 3583 non
1320 3519 1502 3601 ingreditur
1523 3519 1566 3582 ad
1590 3514 1666 3592 eos,'
1689 3517 1709 3580 i.
1722 3538 1750 3583 e.
1776 3515 1819 3581 ad

467 3661 582 3704 eorum
609 3643 774 3718 noticiam,
801 3644 878 3724 quia
904 3643 987 3706 tales
1013 3642 1142 3724 judices
1172 3650 1326 3705 secuntur
1352 3641 1585 3704 retribuciones
1615 3647 1649 3704 et
1678 3637 1820 3720 diligunt

468 3783 613 3843 munera,
637 3773 670 3827 et
696 3765 742 3829 sic
766 3785 833 3828 non
860 3763 985 3829 faciunt
1009 3764 1136 3846 justum
1164 3765 1243 3845 quia
1269 3762 1397 3844 justum
1421 3771 1480 3837 est,
1506 3761 1565 3824 sed
1590 3762 1667 3843 quia
1694 3760 1819 3824 lucrum

466 3885 628 3967 recipiunt
650 3905 710 3966 pro
733 3884 821 3949 facto
844 3906 905 3949 suo
927 3884 979 3948 vel
1003 3905 1063 3967 pro
1085 3884 1187 3948 verbo
1210 3905 1279 3947 sun.

554 4016 588 4082 [p.
607 4016 678 4080 600.]
722 4007 778 4072 Sic
804 4029 864 4072 rex
896 4008 1061 4072 Henricus
1088 4006 1233 4089 Quintus
1263 4005 1435 4089 proposuit
1461 4003 1599 4068 firmiter
1628 4003 1820 4067 reformasse

425 4137 426 4142 ’
467 4128 715 4192 universitatem
748 4127 976 4194 Oxoniensem
1007 4139 1041 4192 et
1073 4149 1185 4192 eorum
1220 4137 1354 4206 statuta,
1384 4127 1474 4192 edita
1504 4147 1564 4209 per
1593 4125 1742 4208 juveneS,
1773 4124 1820 4188 ita

467 4251 558 4331 quod
582 4260 733 4332 regentes
756 4271 923 4333 nunquam
943 4252 1189 4333 dispensassent
1208 4270 1283 4313 cum
1305 4248 1416 4330 aliquo
1438 4257 1563 4312 statuto
1584 4245 1819 4322 universitatis3
