4338 4936
735 413 833 468 ωε]
858 414 888 467 a
918 413 1042 468 amno
1078 414 1335 474 vanrrnrmr.
1673 423 1711 490 77

361 629 459 694 tificis
485 639 518 695 et
543 631 640 695 bonis
665 632 742 695 viris
769 642 904 714 quaerat,
929 653 1005 715 quae
1032 652 1133 716 opera
1160 644 1193 698 et
1220 655 1304 717 quos
1330 644 1423 698 actus
1450 634 1555 698 bonos
1582 643 1714 699 tenetur

361 751 467 814 iacere
491 773 535 816 ex
557 751 682 834 judicio
706 754 825 825 divino,
850 754 1000 836 quamvis
1025 754 1133 818 nullus
1159 756 1312 819 sacerdos
1338 755 1371 818 in
1397 755 1491 819 terris
1516 754 1589 818 illos
1619 764 1714 820 actus

361 872 423 934 sibi
454 873 602 956 imponat
633 894 692 938 nec
722 874 882 957 injungat.
936 873 1013 939 Non
1040 873 1147 940 solum
1175 877 1262 939 enim
1293 877 1336 939 ad
1367 876 1602 959 poenitenciam
1628 875 1713 939 arbi·

362 993 494 1056 trariam
521 996 730 1058 attenderent
757 996 966 1077 poenitentes,
992 995 1125 1072 scilicet,
1149 997 1192 1062 ad
1217 995 1307 1059 illam
1331 1017 1430 1078 quam
1454 998 1607 1060 sacerdos
1630 1016 1713 1078 prae·

361 1113 441 1195 cipit
465 1124 498 1178 et
523 1113 662 1197 injungit
687 1137 730 1178 ex
758 1136 818 1178 suo
843 1116 986 1193 arbitrio,
1009 1117 1051 1178 ad
1078 1135 1179 1198 quam
1204 1117 1370 1198 poenitens
1397 1137 1463 1180 non
1490 1125 1628 1195 tenetur,
1652 1117 1713 1181 nisi

361 1237 513 1298 'sacerdos
551 1238 579 1300 ei
618 1235 703 1300 hanc
739 1235 924 1319 injungeret
961 1247 995 1300 et
1032 1238 1224 1319 imponeret,
1262 1239 1318 1301 sed
1358 1238 1523 1321 praecipue
1559 1239 1714 1302 attendat

361 1356 525 1437 poenitens
554 1358 596 1421 ad
627 1378 666 1420 ea
697 1378 771 1439 quae
802 1359 951 1440 praecipit
976 1355 1140 1421 Dominus
1170 1359 1203 1422 in
1231 1358 1354 1422 lumine
1385 1359 1569 1423 intellectus
1594 1359 1647 1422 vel
1681 1360 1713 1422 in

359 1495 452 1540 sacra
482 1477 651 1558 scriptura,
675 1487 708 1540 et
739 1478 827 1541 dicat
857 1498 934 1542 vero
962 1477 1139 1542 confessori
1169 1489 1203 1542 et
1229 1480 1371 1543 discreto
1399 1479 1478 1542 illud
1507 1480 1596 1560 quod
1626 1479 1714 1544 dixit

361 1617 444 1659 unus
466 1595 615 1660 Actuum
647 1607 745 1661 sexto
772 1599 901 1662 decimo
916 1623 931 1666 :¹
963 1598 1148 1662 ‘Dominel
1181 1600 1261 1680 quid
1292 1619 1346 1664 me
1380 1609 1511 1681 oportet
1541 1599 1646 1663 iacere
1677 1609 1714 1663 ut

360 1715 469 1780 salvus
493 1715 609 1780 fiam?‘
656 1715 741 1781 Cum
765 1718 854 1782 enim
877 1718 978 1782 homo
1001 1718 1167 1800 obligatur
1190 1720 1252 1782 sub
1275 1721 1382 1801 poenis
1405 1720 1447 1783 ad
1472 1720 1629 1783 mandata
1652 1720 1713 1782 im·

361 1837 483 1919 plenda
510 1837 691 1916 hominum,
717 1848 843 1920 quanto
868 1840 973 1921 magis
998 1838 1164 1921 obligatur
1191 1840 1254 1902 sub
1280 1839 1388 1922 poenis
1414 1840 1456 1903 ad
1484 1848 1651 1922 praecepta
1678 1850 1713 1904 et

357 1957 481 2040 judicia
510 1959 582 2034 Dei,
606 1959 738 2037 scilicet,
765 1960 857 2022 odire
883 1957 1043 2023 offensam
1073 1960 1145 2036 Dei,
1169 1969 1202 2022 et
1226 1959 1300 2022 Deo
1323 1958 1439 2022 offerre
1470 1980 1545 2041 quae
1575 1959 1713 2024 abstulit

360 2099 380 2146 a
404 2079 487 2154 Deo,
515 2100 559 2144 sc.
583 2079 751 2153 honorem,
776 2088 810 2143 et
833 2099 989 2157 amorem,
1012 2089 1046 2143 et
1068 2081 1205 2157 animas,
1227 2080 1337 2158 verb0,
1359 2079 1455 2157 iact0,
1477 2079 1529 2142 vel
1555 2080 1712 2163 exemplo

360 2198 459 2273 bon0,
479 2199 626 2262 Domino
649 2200 828 2281 adquirere,
852 2219 934 2282 quas
956 2200 1046 2282 prius
1067 2199 1178 2278 verbo,
1200 2199 1251 2263 vel
1274 2199 1371 2279 sacto,
1394 2199 1447 2262 vel
1469 2201 1558 2263 bono
1580 2201 1711 2277 omisso,

359 2319 411 2382 vel
435 2319 564 2383 defectu
588 2341 657 2394 suo,
673 2341 693 2382 a
715 2321 789 2384 Deo
810 2320 1005 2398 retrahebat,
1021 2329 1054 2383 et
1075 2320 1285 2384 avirtutibus
1308 2320 1351 2384 ad
1372 2321 1464 2383 vicia.
1510 2319 1556 2383 Et
1576 2321 1602 2382 si
1625 2320 1713 2384 mala

361 2439 533 2517 eleccione,
562 2440 614 2504 vel
636 2439 827 2505 collacione
856 2439 1016 2519 beneficii,
1048 2440 1102 2504 vel
1139 2441 1295 2520 ecclesiae,
1324 2440 1376 2504 vel
1414 2441 1519 2522 officii,
1549 2441 1600 2503 vel
1637 2462 1713 2523 pro·

360 2563 540 2639 curatione,
563 2561 706 2644 aliquem
735 2561 913 2625 inhabilem
941 2583 999 2625 seu
1021 2563 1178 2626 viciosum
1202 2562 1235 2624 in
1258 2562 1417 2646 regimine
1439 2561 1610 2626 hominum
1633 2565 1712 2646 poni

360 2682 567 2760 consenserit,
594 2684 683 2746 unde
708 2691 742 2746 et
772 2703 831 2764 per
857 2702 956 2764 quem
985 2683 1072 2746 mala
1103 2683 1308 2774 proveniunt,
1335 2692 1369 2746 et
1398 2683 1486 2746 bona
1515 2693 1549 2748 et
1575 2684 1713 2748 virtutes

361 2813 508 2886 pereunt,
527 2812 561 2866 et
582 2779 670 2866 mala
691 2802 803 2867 debite
825 2823 890 2866 non
909 2803 1131 2878 destruuntur,
1150 2812 1230 2866 tunc
1250 2803 1326 2868 talis
1346 2812 1477 2867 tenetur
1495 2804 1538 2867 ad
1560 2803 1711 2886 plurima,

359 2933 398 2986 ut
422 2933 519 2987 nocte
546 2932 579 2986 et
607 2923 661 2987 die
688 2922 815 2987 laboret
842 2943 902 3004 per
926 2943 962 2986 se
986 2932 1020 2985 et
1046 2943 1106 3004 per
1134 2922 1215 2986 alios
1242 2943 1302 3006 pro
1327 2923 1442 2987 talium
1466 2921 1711 3001 relormacione‚

359 3044 443 3108 sicut
470 3043 611 3108 Sanctus
639 3044 759 3107 Paulus
788 3053 963 3108 conversus
987 3065 1008 3108 a
1033 3044 1178 3125 peccatis
1208 3064 1283 3126 quae
1309 3045 1497 3126 ignoranter
1521 3044 1598 3110 iecit
1631 3067 1712 3110 mox

361 3165 606 3249 evangelizavit,
633 3175 666 3230 et
698 3165 819 3243 docuit,
845 3174 879 3228 et
908 3164 1109 3228 defendebat
1139 3164 1239 3228 fidem
1270 3175 1304 3228 et
1333 3165 1497 3244 virtutem,
1522 3187 1622 3248 quam
1652 3167 1712 3230 ali·

359 3288 494 3370 quando
519 3287 736 3369 expugnabat
764 3297 798 3350 et
824 3287 966 3364 odiebat,
991 3296 1027 3350 ut
1054 3294 1147 3368 patet
1170 3286 1215 3350 ad
1240 3285 1421 3365 Galathas3
1452 3307 1518 3350 non
1546 3297 1597 3350 est
1623 3291 1711 3352 enim

360 3407 455 3471 facile
478 3409 664 3490 exprimere
682 3409 725 3471 ad
744 3427 844 3490 quem
861 3416 894 3470 et
912 3409 954 3470 ad
977 3417 1058 3489 quot
1074 3416 1212 3484 tenetur,
1229 3408 1286 3489 qui
1309 3408 1441 3482 malum,
1457 3408 1509 3472 vel
1531 3408 1711 3472 inhabilem

360 3531 562 3612 episcopum,
587 3531 639 3593 vel
671 3531 837 3607 abbatem,
864 3529 916 3592 vel
946 3529 1091 3611 aliquem
1122 3537 1282 3592 rectorem
1312 3528 1435 3612 populi,
1460 3527 1546 3592 male
1577 3529 1712 3608 inducit,

359 3651 411 3714 vel
443 3662 623 3734 promovet,
653 3651 705 3715 vel
736 3652 768 3714 in
799 3672 859 3714 suo
889 3650 996 3714 officio
1028 3649 1125 3724 iavet,
1156 3649 1208 3712 vel
1244 3651 1363 3713 retinet
1392 3648 1479 3712 malo
1517 3669 1629 3712 amore
1659 3650 1712 3716 vel

361 3771 450 3842 malo
480 3771 600 3850 lavore,
629 3771 681 3835 vel
712 3792 772 3854 pro
803 3770 891 3834 malo
921 3773 1047 3849 timore,
1073 3780 1110 3835 ut
1141 3770 1286 3836 ostendit
1315 3769 1433 3832 doctor
1454 3768 1639 3832 Willelmus
1669 3771 1712 3834 de

274 3948 277 3952 .
360 3887 528 3970 Alverina‚
565 3893 739 3974 episcopus
778 3890 976 3967 Parisiensis,
1014 3910 1114 3972 opere
1150 3910 1211 3952 suo
1251 3890 1353 3953 nobili
1392 3899 1425 3952 et
1466 3888 1632 3952 fructuoso
1669 3890 1711 3954 de

361 4013 584 4090 sacramentis,
608 4012 754 4095 capitulo
780 4013 824 4076 de
850 4011 1096 4089 satisfaccione;
1123 4011 1200 4093 quia
1226 4011 1408 4076 satisfaccio
1435 4030 1500 4072 non
1527 4020 1577 4074 est
1604 4009 1711 4073 solum

360 4131 511 4198 iacienda
541 4133 585 4197 de
615 4154 649 4197 re
679 4131 852 4215 temporali
883 4133 1004 4209 ablata,
1029 4132 1088 4195 sed
1119 4130 1161 4194 de
1193 4131 1280 4194 bono
1310 4141 1437 4196 naturae
1469 4141 1502 4195 et
1528 4131 1646 4214 graciae
1678 4141 1712 4194 et

360 4255 473 4338 gloriae
496 4255 631 4333 ablato;
656 4255 743 4318 unde
767 4256 874 4338 primo
900 4255 1032 4337 Regum
1059 4263 1167 4334 sext0,
1187 4253 1307 4336 ‘Quod
1333 4253 1462 4318 debetis
1486 4253 1613 4317 reddite
1638 4253 1711 4316 Deo
