<?xml version="1.0" encoding="UTF-8"?>
<!DOCTYPE html PUBLIC "-//W3C//DTD XHTML 1.0 Transitional//EN"
    "http://www.w3.org/TR/xhtml1/DTD/xhtml1-transitional.dtd">
<html xmlns="http://www.w3.org/1999/xhtml" xml:lang="en" lang="en">
 <head>
  <title>
</title>
<meta http-equiv="Content-Type" content="text/html;charset=utf-8" />
  <meta name='ocr-system' content='tesseract 3.04.00' />
  <meta name='ocr-capabilities' content='ocr_page ocr_carea ocr_par ocr_line ocrx_word'/>
</head>
<body>
  <div class='ocr_page' id='page_1' title='image "./locielibroverit01gascgoog_0240.png"; bbox 0 0 4378 4936; ppageno 0'>
   <div class='ocr_carea' id='block_1_1' title="bbox 734 403 1710 502">
    <p class='ocr_par' dir='ltr' id='par_1_1' title="bbox 734 403 1710 502">
     <span class='ocr_line' id='line_1_1' title="bbox 734 403 1710 502; baseline 0.006 -22"><span class='ocrx_word' id='word_1_1' title='bbox 734 426 831 481; x_wconf 68' lang='lat' dir='ltr'>Loci</span> <span class='ocrx_word' id='word_1_2' title='bbox 858 427 886 479; x_wconf 72' lang='lat' dir='ltr'>a</span> <span class='ocrx_word' id='word_1_3' title='bbox 915 427 1039 478; x_wconf 73' lang='lat' dir='ltr'>muno</span> <span class='ocrx_word' id='word_1_4' title='bbox 1075 425 1334 482; x_wconf 73' lang='lat' dir='ltr'><em>VERITATUM.</em></span> <span class='ocrx_word' id='word_1_5' title='bbox 1375 403 1377 408; x_wconf 79' lang='grc'><strong>’</strong></span> <span class='ocrx_word' id='word_1_6' title='bbox 1652 439 1710 502; x_wconf 83' lang='lat'>127</span> 
     </span>
    </p>
   </div>
   <div class='ocr_carea' id='block_1_2' title="bbox 361 641 1714 1450">
    <p class='ocr_par' dir='ltr' id='par_1_2' title="bbox 361 641 1713 1088">
     <span class='ocr_line' id='line_1_2' title="bbox 362 641 1712 727; baseline 0.001 -20"><span class='ocrx_word' id='word_1_7' title='bbox 362 654 396 709; x_wconf 92' lang='lat' dir='ltr'>et</span> <span class='ocrx_word' id='word_1_8' title='bbox 422 644 551 727; x_wconf 83' lang='lat' dir='ltr'>scripsit</span> <span class='ocrx_word' id='word_1_9' title='bbox 577 643 665 706; x_wconf 92' lang='lat' dir='ltr'>idem</span> <span class='ocrx_word' id='word_1_10' title='bbox 691 643 808 724; x_wconf 92' lang='lat' dir='ltr'>doctor</span> <span class='ocrx_word' id='word_1_11' title='bbox 835 663 932 724; x_wconf 92' lang='lat' dir='ltr'>super</span> <span class='ocrx_word' id='word_1_12' title='bbox 956 641 1151 706; x_wconf 90' lang='lat' dir='ltr'>Psalterium</span> <span class='ocrx_word' id='word_1_13' title='bbox 1180 663 1283 724; x_wconf 89' lang='lat' dir='ltr'>usque</span> <span class='ocrx_word' id='word_1_14' title='bbox 1310 644 1353 706; x_wconf 88' lang='lat' dir='ltr'>ad</span> <span class='ocrx_word' id='word_1_15' title='bbox 1382 644 1549 708; x_wconf 91' lang='lat' dir='ltr'>Psalmum</span> <span class='ocrx_word' id='word_1_16' title='bbox 1574 646 1712 710; x_wconf 91' lang='lat' dir='ltr'>centesi-</span> 
     </span>
     <span class='ocr_line' id='line_1_3' title="bbox 363 763 1711 848; baseline 0.002 -21"><span class='ocrx_word' id='word_1_17' title='bbox 363 785 453 827; x_wconf 92' lang='lat' dir='ltr'>mum</span> <span class='ocrx_word' id='word_1_18' title='bbox 478 765 643 839; x_wconf 89' lang='lat' dir='ltr'>inclusive,</span> <span class='ocrx_word' id='word_1_19' title='bbox 667 773 703 827; x_wconf 89' lang='lat' dir='ltr'>ut</span> <span class='ocrx_word' id='word_1_20' title='bbox 726 771 819 846; x_wconf 90' lang='lat' dir='ltr'>patet</span> <span class='ocrx_word' id='word_1_21' title='bbox 843 764 875 825; x_wconf 94' lang='lat' dir='ltr'>in</span> <span class='ocrx_word' id='word_1_22' title='bbox 902 783 1002 845; x_wconf 89' lang='lat' dir='ltr'>opere</span> <span class='ocrx_word' id='word_1_23' title='bbox 1032 784 1092 826; x_wconf 93' lang='lat' dir='ltr'>suo</span> <span class='ocrx_word' id='word_1_24' title='bbox 1119 783 1217 845; x_wconf 91' lang='lat' dir='ltr'>super</span> <span class='ocrx_word' id='word_1_25' title='bbox 1243 763 1437 828; x_wconf 88' lang='lat' dir='ltr'>Psalterium</span> <span class='ocrx_word' id='word_1_26' title='bbox 1464 766 1586 848; x_wconf 84' lang='lat' dir='ltr'>scripto</span> <span class='ocrx_word' id='word_1_27' title='bbox 1614 786 1711 830; x_wconf 90' lang='lat' dir='ltr'>manu</span> 
     </span>
     <span class='ocr_line' id='line_1_4' title="bbox 363 882 1713 967; baseline 0.003 -20"><span class='ocrx_word' id='word_1_28' title='bbox 363 906 422 948; x_wconf 88' lang='lat' dir='ltr'>sua</span> <span class='ocrx_word' id='word_1_29' title='bbox 452 885 593 966; x_wconf 87' lang='lat' dir='ltr'>propria,</span> <span class='ocrx_word' id='word_1_30' title='bbox 618 884 707 966; x_wconf 92' lang='lat' dir='ltr'>quod</span> <span class='ocrx_word' id='word_1_31' title='bbox 731 884 820 947; x_wconf 91' lang='lat' dir='ltr'>idem</span> <span class='ocrx_word' id='word_1_32' title='bbox 843 903 927 966; x_wconf 91' lang='lat' dir='ltr'>opus</span> <span class='ocrx_word' id='word_1_33' title='bbox 953 904 1016 966; x_wconf 82' lang='lat' dir='ltr'>ego</span> <span class='ocrx_word' id='word_1_34' title='bbox 1040 883 1108 947; x_wconf 92' lang='lat' dir='ltr'>vidi</span> <span class='ocrx_word' id='word_1_35' title='bbox 1132 882 1276 947; x_wconf 83' lang='lat' dir='ltr'>Oxoniae</span> <span class='ocrx_word' id='word_1_36' title='bbox 1303 885 1424 967; x_wconf 91' lang='lat' dir='ltr'>pluries</span> <span class='ocrx_word' id='word_1_37' title='bbox 1449 906 1536 949; x_wconf 89' lang='lat' dir='ltr'>anno</span> <span class='ocrx_word' id='word_1_38' title='bbox 1560 887 1619 950; x_wconf 92' lang='lat' dir='ltr'>Xti</span> <span class='ocrx_word' id='word_1_39' title='bbox 1644 894 1713 950; x_wconf 82' lang='lat' dir='ltr'>m¹¹²⁰</span> 
     </span>
     <span class='ocr_line' id='line_1_5' title="bbox 361 1005 1085 1088; baseline -0.004 -19"><span class='ocrx_word' id='word_1_40' title='bbox 361 1013 473 1070; x_wconf 74' lang='lat' dir='ltr'>ccccmo</span> <span class='ocrx_word' id='word_1_41' title='bbox 497 1005 770 1088; x_wconf 85' lang='lat' dir='ltr'>quinquagesimo</span> <span class='ocrx_word' id='word_1_42' title='bbox 796 1014 894 1068; x_wconf 88' lang='lat' dir='ltr'>sexto</span> <span class='ocrx_word' id='word_1_43' title='bbox 920 1015 954 1068; x_wconf 90' lang='lat' dir='ltr'>et</span> <span class='ocrx_word' id='word_1_44' title='bbox 977 1013 1085 1067; x_wconf 87' lang='lat' dir='ltr'>antea.</span> 
     </span>
    </p>

    <p class='ocr_par' dir='ltr' id='par_1_3' title="bbox 362 1123 1714 1450">
     <span class='ocr_line' id='line_1_6' title="bbox 449 1123 1714 1210; baseline 0.002 -23"><span class='ocrx_word' id='word_1_45' title='bbox 449 1135 486 1202; x_wconf 82' lang='lat' dir='ltr'>[p.</span> <span class='ocrx_word' id='word_1_46' title='bbox 510 1134 580 1200; x_wconf 67' lang='lat'><em>670]</em></span> <span class='ocrx_word' id='word_1_47' title='bbox 624 1131 747 1189; x_wconf 83' lang='lat' dir='ltr'>Judaei.</span> <span class='ocrx_word' id='word_1_48' title='bbox 803 1123 897 1188; x_wconf 91' lang='lat' dir='ltr'>Circa</span> <span class='ocrx_word' id='word_1_49' title='bbox 931 1145 1053 1189; x_wconf 89' lang='lat' dir='ltr'>annum</span> <span class='ocrx_word' id='word_1_50' title='bbox 1085 1125 1220 1188; x_wconf 90' lang='lat' dir='ltr'>Domini</span> <span class='ocrx_word' id='word_1_51' title='bbox 1254 1125 1464 1189; x_wconf 92' lang='lat' dir='ltr'>millesimum</span> <span class='ocrx_word' id='word_1_52' title='bbox 1494 1127 1714 1210; x_wconf 87' lang='lat' dir='ltr'>quadringen-</span> 
     </span>
     <span class='ocr_line' id='line_1_7' title="bbox 362 1243 1712 1327; baseline 0.001 -17"><span class='ocrx_word' id='word_1_53' title='bbox 362 1247 518 1310; x_wconf 88' lang='lat' dir='ltr'>tesimum</span> <span class='ocrx_word' id='word_1_54' title='bbox 548 1246 608 1309; x_wconf 80' lang='lat' dir='ltr'>xl¹²¹</span> <span class='ocrx_word' id='word_1_55' title='bbox 638 1246 746 1327; x_wconf 87' lang='lat' dir='ltr'>Judaei</span> <span class='ocrx_word' id='word_1_56' title='bbox 778 1267 821 1308; x_wconf 86' lang='lat' dir='ltr'>ex</span> <span class='ocrx_word' id='word_1_57' title='bbox 855 1245 989 1309; x_wconf 84' lang='lat' dir='ltr'>licencia</span> <span class='ocrx_word' id='word_1_58' title='bbox 1019 1244 1156 1309; x_wconf 88' lang='lat' dir='ltr'>Soldani</span> <span class='ocrx_word' id='word_1_59' title='bbox 1189 1243 1283 1309; x_wconf 83' lang='lat' dir='ltr'>Siriae</span> <span class='ocrx_word' id='word_1_60' title='bbox 1313 1246 1579 1311; x_wconf 89' lang='lat' dir='ltr'>inhabitaverunt</span> <span class='ocrx_word' id='word_1_61' title='bbox 1612 1267 1712 1311; x_wconf 92' lang='lat' dir='ltr'>unum</span> 
     </span>
     <span class='ocr_line' id='line_1_8' title="bbox 362 1365 1713 1450; baseline 0.001 -20"><span class='ocrx_word' id='word_1_62' title='bbox 362 1367 470 1430; x_wconf 92' lang='lat' dir='ltr'>vicum</span> <span class='ocrx_word' id='word_1_63' title='bbox 494 1387 597 1450; x_wconf 90' lang='lat' dir='ltr'>prope</span> <span class='ocrx_word' id='word_1_64' title='bbox 617 1365 811 1447; x_wconf 86' lang='lat' dir='ltr'>Jerusalem,</span> <span class='ocrx_word' id='word_1_65' title='bbox 836 1366 880 1429; x_wconf 90' lang='lat' dir='ltr'>ibi</span> <span class='ocrx_word' id='word_1_66' title='bbox 905 1365 1052 1429; x_wconf 85' lang='lat' dir='ltr'>viventes</span> <span class='ocrx_word' id='word_1_67' title='bbox 1073 1367 1134 1428; x_wconf 94' lang='lat' dir='ltr'>sub</span> <span class='ocrx_word' id='word_1_68' title='bbox 1158 1365 1290 1444; x_wconf 86' lang='lat' dir='ltr'>tribut0,</span> <span class='ocrx_word' id='word_1_69' title='bbox 1312 1377 1346 1430; x_wconf 91' lang='lat' dir='ltr'>et</span> <span class='ocrx_word' id='word_1_70' title='bbox 1368 1387 1456 1430; x_wconf 90' lang='lat' dir='ltr'>anno</span> <span class='ocrx_word' id='word_1_71' title='bbox 1480 1368 1615 1431; x_wconf 86' lang='lat' dir='ltr'>Domini</span> <span class='ocrx_word' id='word_1_72' title='bbox 1640 1369 1713 1432; x_wconf 91' lang='lat' dir='ltr'>mil·</span> 
     </span>
    </p>
   </div>
   <div class='ocr_carea' id='block_1_3' title="bbox 363 1486 1712 1571">
    <p class='ocr_par' dir='ltr' id='par_1_4' title="bbox 363 1486 1712 1571">
     <span class='ocr_line' id='line_1_9' title="bbox 363 1486 1712 1571; baseline 0.003 -21"><span class='ocrx_word' id='word_1_73' title='bbox 363 1487 480 1551; x_wconf 90' lang='lat' dir='ltr'>lesimo</span> <span class='ocrx_word' id='word_1_74' title='bbox 510 1495 622 1552; x_wconf 81' lang='lat' dir='ltr'>cccc¹¹²⁰</span> <span class='ocrx_word' id='word_1_75' title='bbox 648 1487 722 1550; x_wconf 83' lang='lat' dir='ltr'>xl¹¹²⁰</span> <span class='ocrx_word' id='word_1_76' title='bbox 748 1486 807 1568; x_wconf 90' lang='lat' dir='ltr'>vij⁰</span> <span class='ocrx_word' id='word_1_77' title='bbox 834 1487 943 1570; x_wconf 91' lang='lat' dir='ltr'>plures</span> <span class='ocrx_word' id='word_1_78' title='bbox 970 1487 1079 1568; x_wconf 83' lang='lat' dir='ltr'>Judaei</span> <span class='ocrx_word' id='word_1_79' title='bbox 1110 1488 1153 1551; x_wconf 93' lang='lat' dir='ltr'>de</span> <span class='ocrx_word' id='word_1_80' title='bbox 1181 1487 1351 1570; x_wconf 87' lang='lat' dir='ltr'>Hispania,</span> <span class='ocrx_word' id='word_1_81' title='bbox 1378 1509 1473 1552; x_wconf 91' lang='lat' dir='ltr'>senes</span> <span class='ocrx_word' id='word_1_82' title='bbox 1503 1499 1537 1554; x_wconf 94' lang='lat' dir='ltr'>et</span> <span class='ocrx_word' id='word_1_83' title='bbox 1565 1489 1712 1571; x_wconf 89' lang='lat' dir='ltr'>juvenes,</span> 
     </span>
    </p>
   </div>
   <div class='ocr_carea' id='block_1_4' title="bbox 362 1607 1714 2538">
    <p class='ocr_par' dir='ltr' id='par_1_5' title="bbox 362 1607 1714 2538">
     <span class='ocr_line' id='line_1_10' title="bbox 363 1607 1713 1692; baseline 0.001 -20"><span class='ocrx_word' id='word_1_84' title='bbox 363 1629 482 1672; x_wconf 86' lang='lat' dir='ltr'>uxores</span> <span class='ocrx_word' id='word_1_85' title='bbox 504 1619 538 1673; x_wconf 90' lang='lat' dir='ltr'>et</span> <span class='ocrx_word' id='word_1_86' title='bbox 561 1608 652 1690; x_wconf 92' lang='lat' dir='ltr'>pueri</span> <span class='ocrx_word' id='word_1_87' title='bbox 677 1627 800 1685; x_wconf 90' lang='lat' dir='ltr'>eorum,</span> <span class='ocrx_word' id='word_1_88' title='bbox 816 1618 849 1670; x_wconf 87' lang='lat' dir='ltr'>et</span> <span class='ocrx_word' id='word_1_89' title='bbox 872 1616 1051 1689; x_wconf 84' lang='lat' dir='ltr'>suggentes</span> <span class='ocrx_word' id='word_1_90' title='bbox 1074 1607 1174 1671; x_wconf 90' lang='lat' dir='ltr'>ubera</span> <span class='ocrx_word' id='word_1_91' title='bbox 1198 1619 1341 1672; x_wconf 90' lang='lat' dir='ltr'>matrum</span> <span class='ocrx_word' id='word_1_92' title='bbox 1365 1627 1505 1685; x_wconf 88' lang='lat' dir='ltr'>suarum,</span> <span class='ocrx_word' id='word_1_93' title='bbox 1521 1610 1713 1692; x_wconf 82' lang='lat' dir='ltr'>navigantes</span> 
     </span>
     <span class='ocr_line' id='line_1_11' title="bbox 362 1729 1713 1812; baseline 0.002 -20"><span class='ocrx_word' id='word_1_94' title='bbox 362 1731 405 1793; x_wconf 88' lang='lat' dir='ltr'>ad</span> <span class='ocrx_word' id='word_1_95' title='bbox 429 1739 558 1811; x_wconf 89' lang='lat' dir='ltr'>portam</span> <span class='ocrx_word' id='word_1_96' title='bbox 584 1729 723 1812; x_wconf 83' lang='lat' dir='ltr'>Joppen,</span> <span class='ocrx_word' id='word_1_97' title='bbox 747 1730 965 1793; x_wconf 89' lang='lat' dir='ltr'>ascenderunt</span> <span class='ocrx_word' id='word_1_98' title='bbox 986 1729 1169 1810; x_wconf 89' lang='lat' dir='ltr'>Jerusalem</span> <span class='ocrx_word' id='word_1_99' title='bbox 1197 1729 1320 1792; x_wconf 90' lang='lat' dir='ltr'>ibidem</span> <span class='ocrx_word' id='word_1_100' title='bbox 1348 1730 1560 1806; x_wconf 73' lang='lat' dir='ltr'>aedificantes,</span> <span class='ocrx_word' id='word_1_101' title='bbox 1583 1742 1617 1794; x_wconf 90' lang='lat' dir='ltr'>et</span> <span class='ocrx_word' id='word_1_102' title='bbox 1645 1751 1713 1795; x_wconf 89' lang='lat' dir='ltr'>ma·</span> 
     </span>
     <span class='ocr_line' id='line_1_12' title="bbox 364 1849 1714 1931; baseline -0.001 -17"><span class='ocrx_word' id='word_1_103' title='bbox 364 1859 480 1914; x_wconf 87' lang='lat' dir='ltr'>nentes</span> <span class='ocrx_word' id='word_1_104' title='bbox 502 1849 564 1912; x_wconf 91' lang='lat' dir='ltr'>sub</span> <span class='ocrx_word' id='word_1_105' title='bbox 588 1851 731 1927; x_wconf 89' lang='lat' dir='ltr'>tributo;</span> <span class='ocrx_word' id='word_1_106' title='bbox 758 1859 792 1912; x_wconf 91' lang='lat' dir='ltr'>et</span> <span class='ocrx_word' id='word_1_107' title='bbox 815 1851 913 1913; x_wconf 93' lang='lat' dir='ltr'>credo</span> <span class='ocrx_word' id='word_1_108' title='bbox 936 1850 1025 1931; x_wconf 90' lang='lat' dir='ltr'>quod</span> <span class='ocrx_word' id='word_1_109' title='bbox 1048 1849 1156 1930; x_wconf 84' lang='lat' dir='ltr'>Judaei</span> <span class='ocrx_word' id='word_1_110' title='bbox 1180 1849 1382 1914; x_wconf 90' lang='lat' dir='ltr'>confluentes</span> <span class='ocrx_word' id='word_1_111' title='bbox 1406 1851 1482 1915; x_wconf 91' lang='lat' dir='ltr'>illuc</span> <span class='ocrx_word' id='word_1_112' title='bbox 1509 1873 1554 1915; x_wconf 87' lang='lat' dir='ltr'>ex</span> <span class='ocrx_word' id='word_1_113' title='bbox 1578 1852 1714 1915; x_wconf 88' lang='lat' dir='ltr'>diversis</span> 
     </span>
     <span class='ocr_line' id='line_1_13' title="bbox 363 1969 1713 2055; baseline 0.001 -21"><span class='ocrx_word' id='word_1_114' title='bbox 363 1971 512 2053; x_wconf 89' lang='lat' dir='ltr'>partibus</span> <span class='ocrx_word' id='word_1_115' title='bbox 537 1979 616 2034; x_wconf 90' lang='lat' dir='ltr'>tunc</span> <span class='ocrx_word' id='word_1_116' title='bbox 645 1971 783 2035; x_wconf 92' lang='lat' dir='ltr'>credunt</span> <span class='ocrx_word' id='word_1_117' title='bbox 813 1992 849 2033; x_wconf 90' lang='lat' dir='ltr'>se</span> <span class='ocrx_word' id='word_1_118' title='bbox 878 1971 1008 2035; x_wconf 91' lang='lat' dir='ltr'>vincere</span> <span class='ocrx_word' id='word_1_119' title='bbox 1036 1969 1227 2045; x_wconf 89' lang='lat' dir='ltr'>Saracenos,</span> <span class='ocrx_word' id='word_1_120' title='bbox 1255 1981 1288 2034; x_wconf 92' lang='lat' dir='ltr'>et</span> <span class='ocrx_word' id='word_1_121' title='bbox 1317 1971 1476 2055; x_wconf 86' lang='lat' dir='ltr'>Paganos,</span> <span class='ocrx_word' id='word_1_122' title='bbox 1503 1984 1537 2036; x_wconf 91' lang='lat' dir='ltr'>et</span> <span class='ocrx_word' id='word_1_123' title='bbox 1560 1973 1713 2046; x_wconf 86' lang='lat' dir='ltr'>Xtianos,</span> 
     </span>
     <span class='ocr_line' id='line_1_14' title="bbox 364 2091 1713 2175; baseline -0.001 -18"><span class='ocrx_word' id='word_1_124' title='bbox 364 2105 398 2157; x_wconf 91' lang='lat' dir='ltr'>et</span> <span class='ocrx_word' id='word_1_125' title='bbox 413 2103 491 2156; x_wconf 90' lang='lat' dir='ltr'>tunc</span> <span class='ocrx_word' id='word_1_126' title='bbox 512 2091 677 2156; x_wconf 67' lang='lat' dir='ltr'>aedificata</span> <span class='ocrx_word' id='word_1_127' title='bbox 691 2091 874 2173; x_wconf 86' lang='lat' dir='ltr'>Jerusalem</span> <span class='ocrx_word' id='word_1_128' title='bbox 894 2093 938 2156; x_wconf 89' lang='lat' dir='ltr'>de</span> <span class='ocrx_word' id='word_1_129' title='bbox 960 2094 1097 2156; x_wconf 90' lang='lat' dir='ltr'>materia</span> <span class='ocrx_word' id='word_1_130' title='bbox 1120 2114 1217 2156; x_wconf 89' lang='lat' dir='ltr'>aurea</span> <span class='ocrx_word' id='word_1_131' title='bbox 1240 2104 1274 2157; x_wconf 91' lang='lat' dir='ltr'>et</span> <span class='ocrx_word' id='word_1_132' title='bbox 1295 2093 1421 2175; x_wconf 88' lang='lat' dir='ltr'>templo</span> <span class='ocrx_word' id='word_1_133' title='bbox 1442 2093 1585 2172; x_wconf 91' lang='lat' dir='ltr'>Domini,</span> <span class='ocrx_word' id='word_1_134' title='bbox 1602 2095 1713 2158; x_wconf 90' lang='lat' dir='ltr'>dicent</span> 
     </span>
     <span class='ocr_line' id='line_1_15' title="bbox 365 2210 1712 2296; baseline 0 -20"><span class='ocrx_word' id='word_1_135' title='bbox 365 2213 471 2276; x_wconf 89' lang='lat' dir='ltr'>Xtum</span> <span class='ocrx_word' id='word_1_136' title='bbox 511 2232 616 2290; x_wconf 92' lang='lat' dir='ltr'>suum,</span> <span class='ocrx_word' id='word_1_137' title='bbox 654 2212 673 2276; x_wconf 90' lang='lat' dir='ltr'>i.</span> <span class='ocrx_word' id='word_1_138' title='bbox 692 2233 719 2275; x_wconf 92' lang='lat' dir='ltr'>e.</span> <span class='ocrx_word' id='word_1_139' title='bbox 759 2210 1012 2286; x_wconf 87' lang='lat' dir='ltr'>Antichristum,</span> <span class='ocrx_word' id='word_1_140' title='bbox 1044 2213 1154 2276; x_wconf 91' lang='lat' dir='ltr'>venire</span> <span class='ocrx_word' id='word_1_141' title='bbox 1188 2213 1222 2275; x_wconf 93' lang='lat' dir='ltr'>in</span> <span class='ocrx_word' id='word_1_142' title='bbox 1257 2211 1441 2294; x_wconf 84' lang='lat' dir='ltr'>Jerusalem</span> <span class='ocrx_word' id='word_1_143' title='bbox 1480 2216 1512 2275; x_wconf 92' lang='lat' dir='ltr'>in</span> <span class='ocrx_word' id='word_1_144' title='bbox 1551 2213 1712 2296; x_wconf 89' lang='lat' dir='ltr'>templum</span> 
     </span>
     <span class='ocr_line' id='line_1_16' title="bbox 364 2333 1712 2416; baseline 0.004 -21"><span class='ocrx_word' id='word_1_145' title='bbox 364 2344 513 2396; x_wconf 89' lang='lat' dir='ltr'>sanctum</span> <span class='ocrx_word' id='word_1_146' title='bbox 540 2351 644 2409; x_wconf 88' lang='lat' dir='ltr'>suum,</span> <span class='ocrx_word' id='word_1_147' title='bbox 673 2341 709 2396; x_wconf 92' lang='lat' dir='ltr'>ut</span> <span class='ocrx_word' id='word_1_148' title='bbox 735 2333 924 2396; x_wconf 87' lang='lat' dir='ltr'>dominator</span> <span class='ocrx_word' id='word_1_149' title='bbox 950 2354 1049 2415; x_wconf 92' lang='lat' dir='ltr'>quem</span> <span class='ocrx_word' id='word_1_150' title='bbox 1076 2335 1306 2415; x_wconf 85' lang='lat' dir='ltr'>quaesiverunt,</span> <span class='ocrx_word' id='word_1_151' title='bbox 1331 2344 1364 2398; x_wconf 92' lang='lat' dir='ltr'>et</span> <span class='ocrx_word' id='word_1_152' title='bbox 1390 2343 1427 2398; x_wconf 91' lang='lat' dir='ltr'>ut</span> <span class='ocrx_word' id='word_1_153' title='bbox 1449 2334 1587 2416; x_wconf 85' lang='lat' dir='ltr'>angelus</span> <span class='ocrx_word' id='word_1_154' title='bbox 1611 2344 1712 2400; x_wconf 88' lang='lat' dir='ltr'>testa·</span> 
     </span>
     <span class='ocr_line' id='line_1_17' title="bbox 365 2454 1712 2538; baseline -0.001 -20"><span class='ocrx_word' id='word_1_155' title='bbox 365 2457 476 2533; x_wconf 94' lang='lat' dir='ltr'>menti,</span> <span class='ocrx_word' id='word_1_156' title='bbox 502 2473 601 2536; x_wconf 94' lang='lat' dir='ltr'>quem</span> <span class='ocrx_word' id='word_1_157' title='bbox 629 2455 689 2534; x_wconf 90' lang='lat' dir='ltr'>ipsi</span> <span class='ocrx_word' id='word_1_158' title='bbox 716 2454 840 2530; x_wconf 90' lang='lat' dir='ltr'>volunt,</span> <span class='ocrx_word' id='word_1_159' title='bbox 868 2464 904 2517; x_wconf 90' lang='lat' dir='ltr'>ut</span> <span class='ocrx_word' id='word_1_160' title='bbox 931 2457 992 2536; x_wconf 93' lang='lat' dir='ltr'>ipsi</span> <span class='ocrx_word' id='word_1_161' title='bbox 1023 2454 1192 2538; x_wconf 89' lang='lat' dir='ltr'>applicant</span> <span class='ocrx_word' id='word_1_162' title='bbox 1216 2466 1249 2518; x_wconf 92' lang='lat' dir='ltr'>et</span> <span class='ocrx_word' id='word_1_163' title='bbox 1277 2455 1412 2519; x_wconf 89' lang='lat' dir='ltr'>trahunt</span> <span class='ocrx_word' id='word_1_164' title='bbox 1438 2456 1480 2518; x_wconf 89' lang='lat' dir='ltr'>ad</span> <span class='ocrx_word' id='word_1_165' title='bbox 1509 2455 1712 2519; x_wconf 88' lang='lat' dir='ltr'>intellectum</span> 
     </span>
    </p>
   </div>
   <div class='ocr_carea' id='block_1_5' title="bbox 365 2697 1715 4348">
    <p class='ocr_par' dir='ltr' id='par_1_6' title="bbox 365 2697 1714 3266">
     <span class='ocr_line' id='line_1_18' title="bbox 451 2697 1712 2780; baseline 0.001 -22"><span class='ocrx_word' id='word_1_166' title='bbox 451 2706 488 2772; x_wconf 82' lang='lat' dir='ltr'>[p.</span> <span class='ocrx_word' id='word_1_167' title='bbox 504 2705 575 2770; x_wconf 68' lang='lat'>671]</span> <span class='ocrx_word' id='word_1_168' title='bbox 622 2697 700 2760; x_wconf 90' lang='lat' dir='ltr'>Post</span> <span class='ocrx_word' id='word_1_169' title='bbox 727 2697 988 2761; x_wconf 87' lang='lat' dir='ltr'>incarnacionem</span> <span class='ocrx_word' id='word_1_170' title='bbox 1013 2697 1072 2761; x_wconf 84' lang='lat' dir='ltr'>Xti</span> <span class='ocrx_word' id='word_1_171' title='bbox 1100 2707 1134 2761; x_wconf 91' lang='lat' dir='ltr'>et</span> <span class='ocrx_word' id='word_1_172' title='bbox 1164 2709 1238 2780; x_wconf 93' lang='lat' dir='ltr'>post</span> <span class='ocrx_word' id='word_1_173' title='bbox 1265 2698 1490 2761; x_wconf 88' lang='lat' dir='ltr'>ascensionem</span> <span class='ocrx_word' id='word_1_174' title='bbox 1515 2698 1574 2761; x_wconf 91' lang='lat' dir='ltr'>Xti</span> <span class='ocrx_word' id='word_1_175' title='bbox 1598 2698 1712 2760; x_wconf 88' lang='lat' dir='ltr'>Xtiani</span> 
     </span>
     <span class='ocr_line' id='line_1_19' title="bbox 365 2816 1712 2901; baseline 0.001 -21"><span class='ocrx_word' id='word_1_176' title='bbox 365 2817 489 2881; x_wconf 90' lang='lat' dir='ltr'>ibidem</span> <span class='ocrx_word' id='word_1_177' title='bbox 519 2827 553 2881; x_wconf 90' lang='lat' dir='ltr'>et</span> <span class='ocrx_word' id='word_1_178' title='bbox 583 2818 616 2880; x_wconf 91' lang='lat' dir='ltr'>in</span> <span class='ocrx_word' id='word_1_179' title='bbox 647 2816 732 2881; x_wconf 90' lang='lat' dir='ltr'>Siria</span> <span class='ocrx_word' id='word_1_180' title='bbox 763 2817 819 2880; x_wconf 93' lang='lat' dir='ltr'>diu</span> <span class='ocrx_word' id='word_1_181' title='bbox 851 2817 1090 2893; x_wconf 87' lang='lat' dir='ltr'>inhabitabant,</span> <span class='ocrx_word' id='word_1_182' title='bbox 1122 2828 1157 2882; x_wconf 94' lang='lat' dir='ltr'>et</span> <span class='ocrx_word' id='word_1_183' title='bbox 1186 2819 1265 2901; x_wconf 90' lang='lat' dir='ltr'>ipsis</span> <span class='ocrx_word' id='word_1_184' title='bbox 1295 2839 1354 2900; x_wconf 93' lang='lat' dir='ltr'>pro</span> <span class='ocrx_word' id='word_1_185' title='bbox 1384 2820 1527 2901; x_wconf 88' lang='lat' dir='ltr'>peccatis</span> <span class='ocrx_word' id='word_1_186' title='bbox 1557 2819 1712 2901; x_wconf 72' lang='lat' dir='ltr'>expulsis</span> 
     </span>
     <span class='ocr_line' id='line_1_20' title="bbox 366 2938 1714 3021; baseline 0.001 -20"><span class='ocrx_word' id='word_1_187' title='bbox 366 2938 523 3021; x_wconf 85' lang='lat' dir='ltr'>Agareni,</span> <span class='ocrx_word' id='word_1_188' title='bbox 550 2941 570 3002; x_wconf 92' lang='lat' dir='ltr'>i.</span> <span class='ocrx_word' id='word_1_189' title='bbox 584 2960 611 3002; x_wconf 91' lang='lat' dir='ltr'>e.</span> <span class='ocrx_word' id='word_1_190' title='bbox 632 2939 819 3012; x_wconf 80' lang='lat' dir='ltr'>Ismaelitae,</span> <span class='ocrx_word' id='word_1_191' title='bbox 844 2941 899 3021; x_wconf 94' lang='lat' dir='ltr'>qui</span> <span class='ocrx_word' id='word_1_192' title='bbox 923 2961 958 3003; x_wconf 92' lang='lat' dir='ltr'>se</span> <span class='ocrx_word' id='word_1_193' title='bbox 981 2949 1101 3004; x_wconf 89' lang='lat' dir='ltr'>vocant</span> <span class='ocrx_word' id='word_1_194' title='bbox 1125 2939 1314 3018; x_wconf 90' lang='lat' dir='ltr'>Saracenos,</span> <span class='ocrx_word' id='word_1_195' title='bbox 1337 2939 1381 3001; x_wconf 93' lang='lat' dir='ltr'>ibi</span> <span class='ocrx_word' id='word_1_196' title='bbox 1405 2950 1562 3016; x_wconf 86' lang='lat' dir='ltr'>manent3</span> <span class='ocrx_word' id='word_1_197' title='bbox 1592 2939 1714 3021; x_wconf 89' lang='lat' dir='ltr'>etjam</span> 
     </span>
     <span class='ocr_line' id='line_1_21' title="bbox 366 3060 1713 3142; baseline -0.001 -18"><span class='ocrx_word' id='word_1_198' title='bbox 366 3062 451 3124; x_wconf 90' lang='lat' dir='ltr'>circa</span> <span class='ocrx_word' id='word_1_199' title='bbox 481 3081 604 3124; x_wconf 90' lang='lat' dir='ltr'>annum</span> <span class='ocrx_word' id='word_1_200' title='bbox 636 3061 771 3123; x_wconf 91' lang='lat' dir='ltr'>Domini</span> <span class='ocrx_word' id='word_1_201' title='bbox 803 3070 858 3123; x_wconf 78' lang='lat' dir='ltr'>mm</span> <span class='ocrx_word' id='word_1_202' title='bbox 883 3071 979 3124; x_wconf 83' lang='lat' dir='ltr'>ccccm</span> <span class='ocrx_word' id='word_1_203' title='bbox 1013 3060 1118 3142; x_wconf 80' lang='lat' dir='ltr'>xlvij¹²¹</span> <span class='ocrx_word' id='word_1_204' title='bbox 1149 3071 1284 3125; x_wconf 89' lang='lat' dir='ltr'>manent</span> <span class='ocrx_word' id='word_1_205' title='bbox 1322 3061 1366 3123; x_wconf 91' lang='lat' dir='ltr'>ibi</span> <span class='ocrx_word' id='word_1_206' title='bbox 1402 3061 1520 3142; x_wconf 82' lang='lat' dir='ltr'>Judaei,</span> <span class='ocrx_word' id='word_1_207' title='bbox 1554 3061 1713 3124; x_wconf 89' lang='lat' dir='ltr'>tributarii</span> 
     </span>
     <span class='ocr_line' id='line_1_22' title="bbox 368 3180 1222 3266; baseline 0 -20"><span class='ocrx_word' id='word_1_208' title='bbox 368 3180 539 3246; x_wconf 89' lang='lat' dir='ltr'>Saracenis</span> <span class='ocrx_word' id='word_1_209' title='bbox 563 3182 606 3245; x_wconf 93' lang='lat' dir='ltr'>ibi</span> <span class='ocrx_word' id='word_1_210' title='bbox 632 3183 841 3246; x_wconf 89' lang='lat' dir='ltr'>manentibus</span> <span class='ocrx_word' id='word_1_211' title='bbox 863 3191 896 3245; x_wconf 92' lang='lat' dir='ltr'>et</span> <span class='ocrx_word' id='word_1_212' title='bbox 925 3180 1074 3246; x_wconf 89' lang='lat' dir='ltr'>Soldano</span> <span class='ocrx_word' id='word_1_213' title='bbox 1098 3184 1222 3266; x_wconf 83' lang='lat' dir='ltr'>Egipti.</span> 
     </span>
    </p>

    <p class='ocr_par' dir='ltr' id='par_1_7' title="bbox 365 3301 1715 3748">
     <span class='ocr_line' id='line_1_23' title="bbox 452 3301 1714 3383; baseline -0.001 -20"><span class='ocrx_word' id='word_1_214' title='bbox 452 3311 485 3378; x_wconf 85' lang='lat' dir='ltr'>[p.</span> <span class='ocrx_word' id='word_1_215' title='bbox 502 3310 572 3377; x_wconf 70' lang='grc' dir='ltr'>ὀμ]</span> <span class='ocrx_word' id='word_1_216' title='bbox 616 3301 725 3383; x_wconf 84' lang='lat' dir='ltr'>Judaei</span> <span class='ocrx_word' id='word_1_217' title='bbox 748 3303 861 3366; x_wconf 91' lang='lat' dir='ltr'>dicunt</span> <span class='ocrx_word' id='word_1_218' title='bbox 886 3303 1053 3366; x_wconf 90' lang='lat' dir='ltr'>universas</span> <span class='ocrx_word' id='word_1_219' title='bbox 1079 3304 1240 3380; x_wconf 89' lang='lat' dir='ltr'>naciones,</span> <span class='ocrx_word' id='word_1_220' title='bbox 1266 3302 1375 3366; x_wconf 82' lang='lat' dir='ltr'>futuro</span> <span class='ocrx_word' id='word_1_221' title='bbox 1399 3303 1459 3366; x_wconf 88' lang='lat' dir='ltr'>Xti</span> <span class='ocrx_word' id='word_1_222' title='bbox 1482 3303 1531 3364; x_wconf 91' lang='lat' dir='ltr'>sui</span> <span class='ocrx_word' id='word_1_223' title='bbox 1555 3311 1714 3383; x_wconf 90' lang='lat' dir='ltr'>tempore,</span> 
     </span>
     <span class='ocr_line' id='line_1_24' title="bbox 365 3421 1713 3505; baseline -0.002 -19"><span class='ocrx_word' id='word_1_224' title='bbox 365 3423 504 3504; x_wconf 88' lang='lat' dir='ltr'>Judaico</span> <span class='ocrx_word' id='word_1_225' title='bbox 526 3422 650 3505; x_wconf 91' lang='lat' dir='ltr'>populo</span> <span class='ocrx_word' id='word_1_226' title='bbox 670 3425 847 3487; x_wconf 89' lang='lat' dir='ltr'>servituras</span> <span class='ocrx_word' id='word_1_227' title='bbox 869 3434 903 3487; x_wconf 87' lang='lat' dir='ltr'>et</span> <span class='ocrx_word' id='word_1_228' title='bbox 924 3424 1097 3504; x_wconf 90' lang='lat' dir='ltr'>imperium</span> <span class='ocrx_word' id='word_1_229' title='bbox 1121 3424 1358 3501; x_wconf 91' lang='lat' dir='ltr'>Romanorum,</span> <span class='ocrx_word' id='word_1_230' title='bbox 1377 3423 1433 3505; x_wconf 93' lang='lat' dir='ltr'>qui</span> <span class='ocrx_word' id='word_1_231' title='bbox 1456 3431 1577 3485; x_wconf 87' lang='lat' dir='ltr'>terram</span> <span class='ocrx_word' id='word_1_232' title='bbox 1600 3421 1713 3502; x_wconf 87' lang='lat' dir='ltr'>Judae·</span> 
     </span>
     <span class='ocr_line' id='line_1_25' title="bbox 367 3543 1715 3626; baseline -0.001 -20"><span class='ocrx_word' id='word_1_233' title='bbox 367 3563 462 3607; x_wconf 91' lang='lat' dir='ltr'>orum</span> <span class='ocrx_word' id='word_1_234' title='bbox 477 3544 632 3626; x_wconf 87' lang='lat' dir='ltr'>gentibus</span> <span class='ocrx_word' id='word_1_235' title='bbox 652 3545 840 3621; x_wconf 90' lang='lat' dir='ltr'>diviserunt,</span> <span class='ocrx_word' id='word_1_236' title='bbox 857 3565 928 3607; x_wconf 91' lang='lat' dir='ltr'>esse</span> <span class='ocrx_word' id='word_1_237' title='bbox 944 3544 1182 3608; x_wconf 90' lang='lat' dir='ltr'>conterendum</span> <span class='ocrx_word' id='word_1_238' title='bbox 1199 3543 1328 3625; x_wconf 89' lang='lat' dir='ltr'>ungulis</span> <span class='ocrx_word' id='word_1_239' title='bbox 1343 3543 1535 3623; x_wconf 86' lang='lat' dir='ltr'>Judaeorum</span> <span class='ocrx_word' id='word_1_240' title='bbox 1552 3551 1586 3605; x_wconf 91' lang='lat' dir='ltr'>et</span> <span class='ocrx_word' id='word_1_241' title='bbox 1606 3561 1715 3619; x_wconf 91' lang='lat' dir='ltr'>comu,</span> 
     </span>
     <span class='ocr_line' id='line_1_26' title="bbox 368 3662 1297 3748; baseline -0.002 -22"><span class='ocrx_word' id='word_1_242' title='bbox 368 3664 389 3727; x_wconf 89' lang='lat' dir='ltr'>i.</span> <span class='ocrx_word' id='word_1_243' title='bbox 399 3685 428 3727; x_wconf 92' lang='lat' dir='ltr'>e.</span> <span class='ocrx_word' id='word_1_244' title='bbox 443 3664 607 3747; x_wconf 90' lang='lat' dir='ltr'>potencia,</span> <span class='ocrx_word' id='word_1_245' title='bbox 630 3685 703 3746; x_wconf 86' lang='lat' dir='ltr'>quae</span> <span class='ocrx_word' id='word_1_246' title='bbox 726 3664 809 3728; x_wconf 81' lang='lat' dir='ltr'>falsa</span> <span class='ocrx_word' id='word_1_247' title='bbox 831 3685 903 3728; x_wconf 89' lang='lat' dir='ltr'>esse</span> <span class='ocrx_word' id='word_1_248' title='bbox 926 3675 1019 3748; x_wconf 89' lang='lat' dir='ltr'>patet</span> <span class='ocrx_word' id='word_1_249' title='bbox 1043 3686 1086 3727; x_wconf 88' lang='lat' dir='ltr'>ex</span> <span class='ocrx_word' id='word_1_250' title='bbox 1110 3662 1297 3746; x_wconf 85' lang='lat' dir='ltr'>Scripturis.</span> 
     </span>
    </p>

    <p class='ocr_par' dir='ltr' id='par_1_8' title="bbox 367 3782 1715 4348">
     <span class='ocr_line' id='line_1_27' title="bbox 456 3782 1715 3868; baseline -0.002 -21"><span class='ocrx_word' id='word_1_251' title='bbox 456 3785 501 3847; x_wconf 94' lang='lat' dir='ltr'>II.</span> <span class='ocrx_word' id='word_1_252' title='bbox 539 3793 574 3860; x_wconf 80' lang='grc' dir='ltr'>[ρ.</span> <span class='ocrx_word' id='word_1_253' title='bbox 589 3793 621 3858; x_wconf 83' lang='grc' dir='ltr'>ι.]</span> <span class='ocrx_word' id='word_1_254' title='bbox 662 3793 745 3849; x_wconf 81' lang='lat' dir='ltr'>Lex.</span> <span class='ocrx_word' id='word_1_255' title='bbox 791 3785 846 3850; x_wconf 92' lang='lat' dir='ltr'>Sic</span> <span class='ocrx_word' id='word_1_256' title='bbox 869 3786 987 3850; x_wconf 90' lang='lat' dir='ltr'>diversi</span> <span class='ocrx_word' id='word_1_257' title='bbox 1010 3797 1142 3850; x_wconf 89' lang='lat' dir='ltr'>servant</span> <span class='ocrx_word' id='word_1_258' title='bbox 1165 3784 1281 3868; x_wconf 86' lang='lat' dir='ltr'>legem,</span> <span class='ocrx_word' id='word_1_259' title='bbox 1305 3803 1370 3847; x_wconf 94' lang='lat' dir='ltr'>non</span> <span class='ocrx_word' id='word_1_260' title='bbox 1394 3785 1470 3866; x_wconf 90' lang='lat' dir='ltr'>quia</span> <span class='ocrx_word' id='word_1_261' title='bbox 1493 3782 1548 3846; x_wconf 86' lang='lat' dir='ltr'>lex</span> <span class='ocrx_word' id='word_1_262' title='bbox 1572 3791 1629 3858; x_wconf 90' lang='lat' dir='ltr'>est,</span> <span class='ocrx_word' id='word_1_263' title='bbox 1654 3802 1715 3846; x_wconf 91' lang='lat' dir='ltr'>nec</span> 
     </span>
     <span class='ocr_line' id='line_1_28' title="bbox 368 3903 1714 3989; baseline -0.004 -21"><span class='ocrx_word' id='word_1_264' title='bbox 368 3906 445 3987; x_wconf 90' lang='lat' dir='ltr'>quia</span> <span class='ocrx_word' id='word_1_265' title='bbox 465 3903 592 3986; x_wconf 91' lang='lat' dir='ltr'>justum</span> <span class='ocrx_word' id='word_1_266' title='bbox 620 3915 679 3983; x_wconf 91' lang='lat' dir='ltr'>est,</span> <span class='ocrx_word' id='word_1_267' title='bbox 706 3915 742 3970; x_wconf 92' lang='lat' dir='ltr'>ut</span> <span class='ocrx_word' id='word_1_268' title='bbox 769 3905 836 3982; x_wconf 84' lang='lat' dir='ltr'>fiat,</span> <span class='ocrx_word' id='word_1_269' title='bbox 860 3907 918 3970; x_wconf 89' lang='lat' dir='ltr'>sed</span> <span class='ocrx_word' id='word_1_270' title='bbox 946 3905 1024 3989; x_wconf 91' lang='lat' dir='ltr'>quia</span> <span class='ocrx_word' id='word_1_271' title='bbox 1046 3907 1092 3969; x_wconf 91' lang='lat' dir='ltr'>sic</span> <span class='ocrx_word' id='word_1_272' title='bbox 1114 3905 1220 3969; x_wconf 83' lang='lat' dir='ltr'>facere</span> <span class='ocrx_word' id='word_1_273' title='bbox 1243 3914 1293 3969; x_wconf 91' lang='lat' dir='ltr'>est</span> <span class='ocrx_word' id='word_1_274' title='bbox 1320 3905 1465 3968; x_wconf 89' lang='lat' dir='ltr'>medium</span> <span class='ocrx_word' id='word_1_275' title='bbox 1492 3903 1714 3986; x_wconf 84' lang='lat' dir='ltr'>congregandi</span> 
     </span>
     <span class='ocr_line' id='line_1_29' title="bbox 367 4023 1715 4108; baseline -0.001 -21"><span class='ocrx_word' id='word_1_276' title='bbox 367 4025 429 4088; x_wconf 93' lang='lat' dir='ltr'>sibi</span> <span class='ocrx_word' id='word_1_277' title='bbox 455 4025 534 4107; x_wconf 90' lang='lat' dir='ltr'>ipsis</span> <span class='ocrx_word' id='word_1_278' title='bbox 558 4025 702 4101; x_wconf 89' lang='lat' dir='ltr'>divicias,</span> <span class='ocrx_word' id='word_1_279' title='bbox 720 4036 753 4089; x_wconf 93' lang='lat' dir='ltr'>et</span> <span class='ocrx_word' id='word_1_280' title='bbox 773 4027 878 4090; x_wconf 89' lang='lat' dir='ltr'>eciam</span> <span class='ocrx_word' id='word_1_281' title='bbox 901 4028 979 4108; x_wconf 89' lang='lat' dir='ltr'>quia</span> <span class='ocrx_word' id='word_1_282' title='bbox 1003 4026 1157 4090; x_wconf 87' lang='lat' dir='ltr'>laetantur</span> <span class='ocrx_word' id='word_1_283' title='bbox 1178 4025 1296 4090; x_wconf 85' lang='lat' dir='ltr'>inferre</span> <span class='ocrx_word' id='word_1_284' title='bbox 1317 4023 1388 4088; x_wconf 91' lang='lat' dir='ltr'>aliis</span> <span class='ocrx_word' id='word_1_285' title='bbox 1411 4044 1545 4106; x_wconf 89' lang='lat' dir='ltr'>poenam</span> <span class='ocrx_word' id='word_1_286' title='bbox 1568 4032 1602 4086; x_wconf 88' lang='lat' dir='ltr'>et</span> <span class='ocrx_word' id='word_1_287' title='bbox 1624 4043 1715 4086; x_wconf 90' lang='lat' dir='ltr'>vere·</span> 
     </span>
     <span class='ocr_line' id='line_1_30' title="bbox 368 4143 1714 4230; baseline -0.001 -22"><span class='ocrx_word' id='word_1_288' title='bbox 368 4145 531 4210; x_wconf 87' lang='lat' dir='ltr'>cundiam.</span> <span class='ocrx_word' id='word_1_289' title='bbox 566 4143 621 4210; x_wconf 90' lang='lat' dir='ltr'>Sic</span> <span class='ocrx_word' id='word_1_290' title='bbox 642 4145 767 4211; x_wconf 82' lang='lat' dir='ltr'>iaciunt</span> <span class='ocrx_word' id='word_1_291' title='bbox 789 4147 845 4230; x_wconf 92' lang='lat' dir='ltr'>qui</span> <span class='ocrx_word' id='word_1_292' title='bbox 869 4155 996 4230; x_wconf 87' lang='lat' dir='ltr'>ponunt</span> <span class='ocrx_word' id='word_1_293' title='bbox 1018 4146 1187 4212; x_wconf 90' lang='lat' dir='ltr'>hominem</span> <span class='ocrx_word' id='word_1_294' title='bbox 1208 4154 1396 4211; x_wconf 87' lang='lat' dir='ltr'>accusatum</span> <span class='ocrx_word' id='word_1_295' title='bbox 1420 4146 1452 4208; x_wconf 96' lang='lat' dir='ltr'>in</span> <span class='ocrx_word' id='word_1_296' title='bbox 1473 4144 1655 4209; x_wconf 90' lang='lat' dir='ltr'>carceribus</span> <span class='ocrx_word' id='word_1_297' title='bbox 1677 4152 1714 4206; x_wconf 93' lang='lat' dir='ltr'>ut</span> 
     </span>
     <span class='ocr_line' id='line_1_31' title="bbox 368 4265 1714 4348; baseline -0.003 -20"><span class='ocrx_word' id='word_1_298' title='bbox 368 4265 513 4330; x_wconf 87' lang='lat' dir='ltr'>habeant</span> <span class='ocrx_word' id='word_1_299' title='bbox 537 4266 579 4330; x_wconf 91' lang='lat' dir='ltr'>ab</span> <span class='ocrx_word' id='word_1_300' title='bbox 601 4287 641 4330; x_wconf 91' lang='lat' dir='ltr'>eo</span> <span class='ocrx_word' id='word_1_301' title='bbox 662 4267 776 4331; x_wconf 89' lang='lat' dir='ltr'>decem</span> <span class='ocrx_word' id='word_1_302' title='bbox 799 4287 924 4331; x_wconf 90' lang='lat' dir='ltr'>mercas</span> <span class='ocrx_word' id='word_1_303' title='bbox 948 4277 983 4331; x_wconf 94' lang='lat' dir='ltr'>ut</span> <span class='ocrx_word' id='word_1_304' title='bbox 1007 4277 1105 4330; x_wconf 89' lang='lat' dir='ltr'>exeat</span> <span class='ocrx_word' id='word_1_305' title='bbox 1133 4268 1193 4330; x_wconf 92' lang='lat' dir='ltr'>sub</span> <span class='ocrx_word' id='word_1_306' title='bbox 1217 4265 1504 4348; x_wconf 88' lang='lat' dir='ltr'>fidemjussoribus‚</span> <span class='ocrx_word' id='word_1_307' title='bbox 1525 4275 1557 4328; x_wconf 87' lang='lat' dir='ltr'>et</span> <span class='ocrx_word' id='word_1_308' title='bbox 1580 4273 1714 4346; x_wconf 89' lang='lat' dir='ltr'>propter</span> 
     </span>
    </p>
   </div>
   <div class='ocr_carea' id='block_1_6' title="bbox 0 0 2201 4936">
    <p class='ocr_par' dir='ltr' id='par_1_9' title="bbox 0 0 2201 4936">
     <span class='ocr_line' id='line_1_32' title="bbox 0 0 2201 4936; baseline 0 0"><span class='ocrx_word' id='word_1_309' title='bbox 0 0 2201 4936; x_wconf 95' lang='lat' dir='ltr'> </span> 
     </span>
    </p>
   </div>
  </div>
 </body>
</html>
