4378 4936
729 399 827 454 coc!
852 399 880 451 E
910 397 1033 451 clareo
1068 398 1326 454 VERJTATUM.
1666 407 1707 470 95

356 615 591 678 nutrimentum
608 613 739 697 majoris
753 614 884 678 virtutis
898 634 1009 678 coram
1026 613 1108 692 Deo,
1127 623 1160 678 et
1181 613 1296 678 salutis
1311 615 1505 694 animarum,
1522 625 1555 681 et
1571 617 1706 699 quando

355 735 567 799 observancia
592 734 668 799 talis
692 754 758 799 non
785 735 831 799 sic
857 735 965 812 cedit;
996 743 1030 798 et
1056 735 1102 797 sic
1129 733 1207 798 lecit
1233 734 1375 799 Sanctus
1401 734 1492 819 Papa
1520 735 1706 820 Gregorius,

356 864 393 919 ut
408 865 501 938 patet
516 857 549 920 in
565 877 624 919 suo
641 857 805 938 Registro,
821 857 953 938 quando
968 855 1117 938 permisit
1129 854 1292 938 Anglicos
1308 865 1386 920 tunc
1403 865 1539 920 vocatos
1556 858 1707 922 Britones

356 975 479 1039 nubere
501 976 585 1039 inira
609 986 650 1056 7¹¹¹
672 977 811 1058 gradum
835 975 1135 1058 consanguinitatis,
1152 995 1193 1038 ne
1215 975 1259 1038 ob
1278 975 1442 1040 delectum
1466 978 1541 1041 talis
1562 977 1707 1043 licenciae

356 1096 390 1158 in
421 1097 580 1180 principio
611 1096 820 1160 admissionis
849 1095 927 1160 fidei
957 1096 1092 1160 Xtianae
1121 1116 1180 1178 per
1209 1096 1345 1161 beatum
1373 1096 1609 1180 Augustinum,
1634 1098 1707 1162 An-

356 1215 485 1298 glorum
511 1219 690 1292 doctorem,
716 1217 817 1281 fidem
845 1217 904 1280 Xti
931 1217 1041 1299 plures
1066 1226 1144 1280 tunc
1175 1217 1208 1279 in
1235 1215 1361 1300 Anglia
1391 1239 1457 1281 non
1488 1219 1707 1302 recepissent;

355 1345 474 1418 postea
498 1346 620 1416 tamen,
648 1337 713 1402 fide
735 1337 886 1411 solidata,
909 1336 995 1402 hanc
1017 1336 1188 1401 licenciam
1213 1338 1259 1400 eis
1285 1358 1351 1401 non
1373 1339 1529 1420 permisit,
1556 1349 1592 1403 ut
1614 1350 1709 1423 patet

361 1464 414 1539 13⁰
436 1458 520 1522 libro
543 1459 687 1542 Registri
711 1456 824 1523 Sancti
849 1457 998 1540 Gregorii
1022 1458 1130 1541 Papae,
1153 1458 1172 1521 i.
1184 1479 1210 1521 e.
1234 1458 1267 1520 in
1298 1465 1353 1542 13⁰
1375 1459 1459 1523 libro
1482 1460 1707 1542 Epistolarum

356 1598 498 1643 suarum.
542 1577 736 1661 Aliquando
760 1579 847 1642 enim
871 1578 961 1661 Papa
984 1578 1017 1640 in
1040 1578 1152 1642 dando
1179 1578 1350 1642 licenciam
1377 1600 1443 1643 non
1468 1591 1593 1664 peccat,
1617 1583 1706 1665 quod

357 1708 470 1763 sancte
495 1699 669 1763 intendens
694 1699 727 1762 in
754 1698 990 1763 informacione
1011 1699 1181 1781 decipitur,
1203 1699 1256 1762 vel
1282 1700 1404 1764 veritas
1426 1702 1553 1784 negocii
1580 1702 1623 1766 ab
1650 1703 1706 1766 illo

356 1820 549 1898 occultatur,
578 1828 612 1883 et
640 1819 693 1882 vel
724 1819 912 1902 ignorancia
942 1818 1113 1900 decipitur,
1143 1819 1196 1882 vel
1227 1820 1327 1884 nimia
1357 1821 1608 1904 importunitate
1637 1825 1708 1886 vin-

357 1941 449 2018 citur,
473 1949 510 2003 ut
532 1949 673 2004 testatur
696 1939 838 2004 Sanctus
863 1939 1048 2003 Bernardus
1072 1939 1105 2002 in
1131 1939 1283 2022 Epistola
1307 1961 1367 2004 sua
1388 1941 1432 2004 ad
1455 1939 1571 2005 Adam
1594 1963 1708 2006 mona·

357 2059 455 2124 chum
478 2081 554 2143 quae
580 2061 702 2144 incipit,
725 2059 780 2127 ‘Si
806 2079 955 2123 maneres
979 2061 1012 2123 in
1039 2057 1194 2124 caritate!
1240 2059 1307 2125 Sed
1328 2081 1379 2124 vae
1404 2060 1485 2124 illis!
1518 2063 1708 2127 aDomino

358 2181 441 2259 Deo,
456 2181 512 2263 qui
536 2181 707 2244 dominum
731 2181 856 2264 Papam
879 2181 925 2244 sic
947 2181 1124 2262 decipiunt,
1142 2181 1194 2244 vel
1217 2201 1276 2263 pro
1300 2181 1389 2245 lucro
1411 2202 1468 2245 seu
1490 2182 1611 2262 lavore,
1626 2185 1708 2247 veri-

357 2311 464 2366 tatem
493 2302 537 2365 ab
563 2323 603 2367 eo
633 2303 810 2366 occultant.
861 2301 923 2365 Vae
956 2300 1038 2364 illisl
1072 2302 1128 2383 qui
1158 2311 1273 2365 contra
1303 2301 1503 2384 apostolum,
1529 2305 1634 2387 prima
1663 2307 1707 2370 ad

359 2421 555 2487 Corintheos
573 2420 614 2500 8⁰,
631 2433 770 2487 utuntur
787 2423 922 2487 licencia
941 2422 1051 2485 suain
1070 2421 1312 2501 offendiculum,
1333 2433 1366 2486 et
1387 2424 1419 2486 in
1441 2424 1568 2488 ruinam
1588 2427 1708 2489 animae

358 2563 436 2618 suae,
454 2552 488 2607 et
510 2543 543 2606 in
560 2544 796 2608 detrimentum
814 2544 973 2607 aliorum:
997 2539 1155 2621 ‘Videte’
1170 2543 1277 2626 inquit
1297 2544 1477 2626 apostolus,
1492 2545 1708 2611 ‘ne-licencia

357 2674 467 2729 vestra
496 2664 730 2729 offendiculum
758 2665 816 2728 fiat
842 2660 1000 2738 infirmis,’
1026 2664 1047 2726 i.
1058 2684 1087 2726 e.
1114 2664 1243 2727 occasio
1269 2665 1395 2746 peccati
1422 2664 1648 2748 ignorantibus
1674 2678 1708 2732 et

359 2784 561 2867 simplicibus
591 2787 646 2868 qui
682 2787 835 2868 ignorant
873 2796 907 2849 et
942 2793 1060 2848 errant.
1120 2785 1215 2848 Licet
1251 2785 1338 2848 enim
1375 2785 1464 2867 Papa
1497 2787 1590 2851 dedit
1624 2788 1708 2854 sorte

360 2915 474 2970 sancta
501 2905 686 2971 intencione
712 2905 883 2971 licenciam
908 2905 977 2982 tibi,
1001 2906 1044 2969 ad
1070 2904 1195 2988 aliquid
1220 2904 1409 2969 habendum
1432 2905 1484 2969 vel
1511 2906 1707 2985 faciendum,

360 3046 427 3090 non
451 3035 523 3090 tum
548 3027 642 3091 dedit
670 3047 730 3092 nec
757 3027 837 3092 dare
866 3036 976 3109 potest
1007 3026 1176 3090 licenciam
1207 3027 1249 3089 ad
1276 3027 1322 3089 sic
1351 3025 1538 3090 faciendum
1567 3029 1619 3091 vel
1648 3031 1707 3094 tali

359 3149 461 3210 modo
487 3147 683 3224 laciendum,
705 3168 772 3229 quo
799 3148 899 3210 modo
925 3147 1035 3230 plures
1059 3148 1248 3225 abutuntur,
1276 3156 1361 3211 teste
1389 3147 1512 3212 Sancto
1538 3148 1707 3230 Jeronimo

360 3288 459 3350 super
481 3267 664 3332 Matheum.
719 3267 943 3351 Exemplum:
977 3264 1067 3350 Papa
1090 3267 1174 3331 sorte
1198 3268 1374 3331 instructus
1396 3277 1431 3331 te
1453 3289 1524 3331 esse
1545 3280 1705 3347 sanctum,

360 3389 506 3466 doctum,
527 3397 561 3453 et
585 3389 696 3472 magni
719 3389 779 3453 zeli
801 3389 917 3467 virum,
939 3388 1087 3452 licenciat
1110 3388 1178 3466 tibi,
1196 3397 1331 3470 propter
1350 3386 1475 3469 majora
1497 3409 1597 3472 opera
1618 3391 1707 3456 bona

360 3509 479 3588 fienda,
502 3520 538 3575 ut
564 3511 689 3574 habeas
711 3512 795 3574 duas
822 3511 985 3588 ecclesias,
1010 3511 1092 3574 duas
1119 3529 1256 3592 magnas
1283 3509 1486 3592 praebendas,
1509 3519 1543 3574 et
1568 3511 1635 3576 duo
1658 3513 1707 3575 in·

359 3631 584 3715 compatibilia
614 3652 659 3696 ex
688 3631 772 3714 jure,
804 3641 838 3696 et
866 3641 912 3708 tu,
943 3632 1084 3695 abutens
1118 3639 1176 3694 tua
1208 3630 1351 3708 licencia,
1380 3629 1535 3712 pecunias
1569 3631 1706 3716 colligis,

361 3765 398 3820 ut
424 3755 457 3818 in
483 3753 709 3836 voluptatibus
737 3754 827 3817 etin
851 3753 965 3816 mundi
988 3750 1112 3816 honore
1133 3751 1232 3825 vivas,
1256 3771 1367 3815 curam
1391 3750 1539 3814 debitam
1559 3751 1706 3834 negligis,

360 3895 477 3959 parum
500 3875 589 3958 quod
612 3873 700 3948 sacis,
721 3895 779 3956 per
801 3873 902 3937 alium
924 3873 1014 3948 iacis,
1038 3892 1099 3936 nec
1121 3871 1261 3954 qualiter
1282 3869 1328 3948 fit,
1346 3871 1499 3946 attendis,
1519 3880 1554 3934 tu
1577 3873 1707 3936 ociosus

361 4007 395 4063 et
418 3999 451 4062 in
474 3997 599 4062 deliciis
624 3995 783 4070 ambulas,
807 4015 866 4060 nec
892 4003 1085 4078 cooperator
1106 4002 1239 4057 actuum
1263 4011 1348 4056 curae
1370 3990 1556 4054 debitomm
1579 3993 1707 4066 existis,

361 4119 419 4183 sed
450 4118 635 4183 mercedem
666 4137 725 4199 pro
759 4116 1003 4180 sustentacione
1032 4123 1088 4178 tua
1119 4113 1151 4176 in
1182 4132 1259 4176 cura
1285 4111 1328 4175 de
1357 4131 1434 4174 cura
1463 4110 1588 4194 recipis,
1614 4120 1647 4176 et
1673 4113 1706 4174 in

361 4240 494 4305 delicias
520 4250 596 4304 tuas
624 4236 795 4321 expendis,
821 4245 855 4301 et
881 4246 995 4300 sancta
1020 4255 1119 4318 opera
1146 4254 1204 4316 per
1232 4232 1288 4297 illa
1314 4233 1402 4297 bona
1428 4232 1572 4296 ecclesiae
1598 4231 1708 4297 fienda
