4378 4936
728 385 827 440 socr
852 385 882 439 E
910 385 1035 440 trano
1070 384 1329 440 VERJTATUM.
1645 369 1704 436 147

351 599 514 669 vixerunt,
560 599 635 665 Tali
658 601 714 683 qui
740 601 869 666 exaltat
893 601 926 664 in
952 599 1090 665 ecclesia
1118 622 1184 665 non
1209 599 1409 664 exaltandos
1430 593 1585 659 dicuntur
1606 583 1707 650 verba

352 719 497 797 Domini,
516 721 636 788 Ezech.
656 739 694 786 21
711 744 718 786 :
745 722 815 786 ‘Tu
832 723 1002 806 prophane
1018 733 1052 788 et
1067 723 1169 806 impie
1184 725 1265 799 dux,
1282 739 1384 804 auges
1398 715 1545 791 cidarim,
1560 702 1633 774 etc.’

440 840 531 906 Olim
552 843 640 912 enim
661 843 767 907 sancti
788 863 885 925 papae
905 843 1056 906 videntes
1077 842 1278 907 monasteria
1297 841 1407 905 vivere
1429 835 1528 908 laute,
1544 837 1578 894 et
1601 825 1707 891 multo

352 960 447 1042 plura
476 962 566 1025 bona
591 961 714 1026 habere
744 983 845 1044 quam
870 963 983 1026 usibus
1014 984 1127 1026 eorum
1158 961 1341 1026 necessaria
1370 964 1472 1030 erant,
1497 952 1708 1016 retraxerunt

351 1082 395 1145 ab
421 1083 468 1145 eis
493 1082 588 1165 plura
615 1083 712 1158 bona,
738 1103 813 1164 quae
841 1103 908 1146 non
934 1093 1028 1148 erant
1053 1085 1100 1147 eis
1126 1082 1318 1160 necessaria,
1340 1079 1399 1142 sed
1425 1073 1539 1158 pocius
1563 1089 1620 1134 eos
1645 1066 1707 1130 im·

351 1202 533 1286 pediebant
559 1203 767 1267 solicitudine
794 1204 903 1282 nimia,
929 1213 962 1268 et
990 1205 1066 1268 ideo
1089 1204 1194 1268 sancti
1218 1223 1316 1287 papae
1340 1199 1505 1265 dederunt
1528 1190 1584 1256 illa
1607 1190 1705 1262 bona,

352 1325 465 1387 usibus
492 1344 606 1388 eorum
630 1344 696 1387 non
724 1324 917 1400 necessaria,
940 1325 1014 1388 aliis
1039 1325 1116 1388 viris
1142 1325 1247 1402 bonis,
1270 1321 1430 1387 doctrinae
1457 1324 1492 1380 et
1518 1308 1707 1377 necessitati

351 1444 524 1509 hominum
554 1444 770 1512 vacantibus:
805 1445 958 1510 dominus
991 1445 1079 1510 enim
1109 1465 1197 1528 papa
1229 1444 1437 1527 dispensator
1465 1445 1516 1500 est
1544 1433 1707 1496 bonorum

351 1586 427 1646 quae
449 1567 702 1630 committuntur
724 1565 878 1644 ecclesiae,
894 1567 983 1630 unde
1005 1587 1045 1630 ea
1065 1567 1099 1629 in
1119 1566 1193 1629 illos
1212 1586 1289 1629 usus
1312 1570 1423 1648 potest
1442 1576 1531 1642 papa
1551 1550 1706 1622 conferre,

352 1694 386 1749 et
410 1685 474 1748 illis
498 1684 688 1750 hominibus
714 1687 771 1768 qui
798 1686 916 1750 melius
942 1696 1089 1769 possunt,
1111 1686 1228 1764 sciunt,
1254 1695 1288 1750 et
1309 1683 1428 1748 volunt
1448 1679 1538 1743 bona
1560 1670 1707 1739 ecclesiae

351 1806 396 1870 ad
426 1805 559 1870 laudem
586 1806 650 1872 Dei
676 1816 709 1870 et
735 1805 778 1870 ad
808 1808 994 1871 animarum
1024 1807 1166 1873 salutem
1190 1807 1307 1871 melius
1332 1802 1545 1886 expendere3
1578 1805 1613 1861 et
1635 1793 1708 1856 haec

351 1926 507 1990 alienatio
531 1927 694 1990 bonorum
721 1949 742 1990 a
769 1927 866 1992 certis
891 1929 967 1992 viris
1001 1937 1035 1992 et
1064 1928 1197 1992 collatio
1226 1927 1408 1992 eorundem
1439 1922 1605 1986 bonorum
1634 1913 1707 1978 aliis

351 2046 551 2126 hominibus,
573 2057 710 2112 vocatur
735 2050 935 2113 commenda
956 2050 1119 2116 bonorum
1143 2049 1298 2124 ecclesiae,
1324 2067 1382 2110 seu
1405 2041 1537 2108 collatio
1560 2039 1594 2102 in
1616 2055 1707 2101 com-

353 2169 510 2231 mendam
523 2190 531 2248 ;
561 2179 596 2232 et
622 2169 669 2232 sic
693 2169 846 2234 dominus
870 2191 958 2253 papa
982 2170 1139 2235 alienavit
1165 2171 1349 2236 dominium
1373 2168 1416 2231 de
1442 2156 1639 2242 Bemalwyk
1663 2155 1708 2218 ab

351 2289 510 2354 abbathia
529 2290 572 2353 de
590 2289 786 2371 Kyrkestall
807 2301 841 2355 et
860 2290 975 2354 abbati
994 2291 1142 2374 ejusdem
1165 2289 1335 2357 licenciam
1357 2282 1523 2352 alienandi
1546 2275 1695 2346 contulit.

438 2418 477 2486 [p.
496 2419 565 2486 rsa]
610 2410 772 2494 Religiosi
796 2413 884 2475 enirn
911 2410 1021 2494 plures
1051 2412 1084 2475 in
1111 2433 1172 2475 sua
1194 2410 1391 2474 fundacione
1416 2406 1499 2472 citra
1523 2420 1625 2486 opera
1647 2417 1708 2460 sua

352 2531 536 2613 spiritualia
562 2530 758 2595 laborabant
784 2532 851 2595 suis
878 2533 1040 2608 manibus,
1068 2542 1103 2597 et
1134 2555 1178 2597 ex
1202 2532 1260 2596 illo
1287 2531 1400 2596 labore
1425 2527 1589 2600 vixerunt,
1613 2527 1647 2583 et
1672 2517 1707 2580 in

352 2673 413 2716 sua
446 2651 653 2728 fundacione,
690 2661 724 2716 et
754 2673 874 2736 parvos
908 2654 1058 2722 redditus
1091 2663 1125 2718 et
1154 2674 1278 2738 paucos
1307 2671 1405 2735 agros
1436 2647 1631 2717 habuerunt,
1663 2659 1707 2702 ex

352 2772 471 2854 quibus
494 2772 650 2837 vixerunt
673 2793 739 2838 una
762 2794 838 2838 cum
862 2774 996 2857 proprio
1019 2774 1132 2841 labore
1159 2795 1327 2840 manuum.
1381 2769 1469 2836 Novi
1493 2766 1582 2831 enim
1604 2780 1708 2825 unum

353 2893 471 2972 locum,
495 2894 553 2976 qui
580 2914 624 2958 ex
648 2915 708 2959 sua
734 2894 933 2960 fundacione
959 2896 1145 2962 habuerunt
1168 2908 1272 2962 terras
1301 2904 1335 2960 et
1364 2913 1462 2978 agros
1491 2889 1535 2954 ad
1560 2885 1708 2952 valorem

352 3016 530 3098 sexaginta
556 3015 722 3094 librarum,
749 3026 783 3081 et
810 3017 893 3081 infra
919 3038 1043 3101 paucos
1073 3039 1178 3083 annos
1205 3017 1353 3102 pecuniis
1378 3019 1530 3080 emerunt
1558 3005 1709 3074 redditus

353 3137 444 3200 mille
468 3157 671 3216 marcarum;
699 3138 863 3204 dabantur
889 3139 976 3203 enim
999 3139 1046 3204 eis
1068 3140 1157 3205 bona
1182 3149 1220 3204 ut
1246 3160 1306 3204 sua
1330 3133 1513 3202 necessaria
1534 3130 1706 3200 habentes,

353 3259 483 3322 residua
510 3258 582 3322 aliis
609 3259 879 3337 ministrarentur,
908 3271 941 3325 et
968 3262 1133 3345 praecipue
1163 3261 1286 3326 sanctis
1316 3257 1515 3344 pauperibus
1544 3250 1601 3335 qui
1631 3249 1707 3312 doc·

353 3380 447 3444 trinae
472 3390 506 3444 et
529 3391 653 3446 sanctae
674 3381 752 3446 vitae
774 3391 809 3446 et
830 3392 1011 3465 augmento
1037 3383 1183 3448 scientiae
1204 3391 1334 3447 vacant.
1381 3377 1597 3444 Conferentes
1618 3367 1707 3432 enim

353 3501 442 3565 bona
472 3500 632 3583 religiosis
661 3511 695 3566 et
725 3502 872 3584 collegiis
904 3513 938 3568 et
968 3503 1129 3582 cantariis,
1160 3523 1226 3567 non
1256 3510 1395 3586 possunt
1431 3493 1591 3579 impedire
1626 3489 1707 3572 quin

354 3622 474 3686 collata
499 3643 560 3704 per
579 3642 637 3686 eos
658 3623 724 3686 sint
745 3623 779 3687 in
800 3623 1020 3707 disposicione
1043 3645 1149 3707 papae,
1167 3633 1201 3688 et
1223 3623 1312 3706 quod
1335 3621 1465 3686 subsint
1485 3619 1555 3702 ejus
1569 3619 1705 3702 judicio,

354 3743 410 3825 qui
434 3743 524 3825 quod
545 3741 672 3826 justum
697 3743 829 3808 videtur
852 3766 963 3810 coram
989 3746 1064 3812 Deo
1088 3746 1236 3829 judicare
1261 3746 1371 3821 debet,
1386 3751 1429 3808 vet
1452 3742 1509 3806 illa
1529 3743 1618 3806 bona
1640 3743 1707 3807 dis·

353 3885 477 3947 ponere
498 3875 536 3929 ut
564 3865 689 3928 bonum
716 3865 848 3930 videtur
877 3868 909 3930 in
937 3866 1062 3949 judicio
1091 3889 1152 3932 suo
1181 3888 1292 3932 coram
1320 3867 1405 3930 Deo.
1461 3865 1578 3948 Nuper
1606 3865 1705 3940 enim,

353 4005 438 4049 unus
459 3987 548 4068 prior
570 3986 749 4070 religiosus,
770 3988 898 4052 habens
921 3989 976 4072 xvj
1002 3988 1156 4054 ecclesias
1179 3990 1252 4055 loco
1272 4010 1332 4052 suo
1354 3985 1591 4071 appropriatas,
1613 3985 1708 4050 dedit

354 4115 389 4171 et
418 4108 580 4172 concessit
610 4129 767 4191 magnam
797 4111 992 4193 pensionem
1026 4111 1203 4176 annualem
1234 4110 1365 4175 cuidam
1395 4107 1532 4190 legistae,
1557 4105 1614 4190 qui
1646 4127 1706 4171 ex·

354 4228 484 4310 equitur
514 4229 673 4294 mandata
706 4230 850 4315 episcopi
881 4231 913 4295 in
948 4252 1070 4314 magno
1107 4231 1214 4298 officio
1247 4231 1345 4296 curiae
1376 4229 1641 4310 Christianitatis,
1671 4241 1706 4298 et

1004 4350 1064 4400 Ua
