4322 4936
479 403 540 470 232
816 397 878 450 EX
879 395 1014 451 CERPT
1013 397 1040 450 A
1068 396 1098 449 E
1120 396 1216 451 MSS.
1241 396 1494 454 GASCOIGNII.

903 611 963 675 Ad
986 611 1111 676 calcem
1134 610 1284 694 ejusdem
1307 611 1384 677 MS.

563 766 668 832 Anno
691 766 751 830 Xti
777 777 869 852 1455,
892 773 948 832 22⁰
971 766 1026 831 die
1049 765 1140 844 Maii,
1166 766 1263 831 occisi
1286 767 1419 832 suerunt
1441 767 1474 830 in
1499 765 1589 831 bello
1614 775 1698 849 aput
1717 763 1831 828 villam

477 885 592 952 Sancti
616 887 750 964 Albani,
775 888 808 952 in
831 888 1010 971 praesencia
1033 887 1169 952 Henrici
1187 885 1240 951 viti
1263 889 1348 971 regis
1370 886 1514 972 Angliae,
1539 885 1738 950 Edmundus
1760 885 1831 949 dux

477 1006 698 1089 Somersetiae,
721 1018 756 1074 et
780 1009 945 1074 Henricus
967 1008 1069 1074 Perce
1088 1029 1200 1073 comes
1226 1008 1483 1088 Northumbriae,
1505 1017 1539 1072 et
1561 1007 1715 1072 dominus
1739 1003 1832 1088 Clys-

477 1129 574 1208 iorth,
597 1151 657 1212 per
678 1130 851 1195 dominum
876 1131 1056 1195 Ricardum
1079 1130 1198 1194 ducem
1222 1129 1373 1209 Eboraci,
1396 1139 1430 1196 et
1453 1130 1626 1195 dominum
1650 1128 1831 1192 Ricardum

476 1249 585 1314 Nevel
599 1251 755 1315 comitem
772 1249 902 1328 Sarum,
919 1259 953 1315 et
967 1251 1142 1315 dominum
1163 1251 1344 1315 Ricardum
1363 1250 1471 1316 Nevel
1490 1251 1646 1315 comitem
1664 1247 1831 1332 Warvyk,

476 1370 533 1453 qui
556 1370 619 1436 fuit
640 1371 726 1436 lilius
748 1381 782 1437 et
803 1371 909 1436 haeres
931 1371 1079 1454 ejusdem
1103 1372 1233 1438 comitis
1257 1372 1387 1437 Sarum.

567 1595 606 1659 In
629 1595 695 1658 fine
714 1594 790 1658 MS.
807 1593 841 1660 S.
862 1594 1044 1678 Augustini
1067 1597 1111 1660 de
1132 1594 1277 1661 Ciuitate
1300 1597 1373 1671 Dei,
1395 1596 1429 1660 in
1454 1595 1537 1660 Bibl.
1563 1594 1646 1659 Bod.
1674 1594 1830 1659 asservati

478 1715 562 1781 Bod.
584 1715 687 1780 MSS.
708 1713 779 1796 198.

992 1817 1076 1883 ΜῑῃΙο
1097 1827 1210 1887 cccc¹¹²⁰
1231 1821 1314 1885 xlv0.

564 1956 667 2022 Anno
693 1957 879 2022 Dominicae
905 1957 1149 2023 Incamacionis
1176 1966 1282 2043 14450,
1309 1979 1372 2042 ego
1395 1959 1552 2043 magister
1574 1958 1724 2024 Thomas
1746 1957 1831 2024 Gas-

477 2079 603 2162 coigne‚
621 2079 841 2144 Eboracensis
857 2079 1008 2152 diocesis,
1028 2079 1074 2142 lui
1097 2079 1229 2159 electus,
1250 2101 1309 2164 per
1331 2081 1375 2164 iiij
1400 2083 1552 2145 doctores
1569 2101 1671 2145 sacrae
1686 2079 1831 2144 Theolo-

476 2200 541 2284 giae
557 2199 749 2280 Londoniis‚
765 2199 798 2264 in
821 2209 981 2264 rectorem
998 2199 1114 2265 Sancti
1131 2201 1221 2266 Petri
1237 2202 1280 2266 de
1302 2199 1457 2279 Comhul,
1473 2210 1515 2280 et,
1536 2210 1613 2284 post
1636 2200 1830 2266 electionem

476 2320 635 2400 habitam,
662 2320 768 2405 major
796 2321 937 2387 civitatis
968 2321 1219 2398 Londoniensis,
1250 2322 1465 2402 aldermanni,
1490 2331 1524 2386 et
1554 2323 1642 2386 cives
1672 2321 1831 2386 miserunt

477 2439 576 2507 michi
603 2442 898 2527 praesentacionem
924 2443 968 2506 ad
998 2443 1138 2507 eandem
1165 2440 1348 2507 ecclesiam.
1393 2443 1440 2506 Et
1469 2463 1541 2526 ego,
1564 2453 1644 2508 tunc
1673 2442 1830 2518 infirmus,

476 2564 645 2649 acceptavi
675 2563 979 2647 praesentacionem,
1009 2584 1144 2647 sperans
1174 2585 1228 2628 me
1261 2563 1491 2628 convalescere
1528 2563 1603 2639 cito,
1635 2574 1669 2628 et
1705 2563 1829 2628 ibidem

477 2685 691 2769 personaliter
721 2685 871 2760 residere,
898 2695 931 2748 et
961 2705 1062 2748 onera
1092 2685 1233 2768 pastoris
1263 2706 1323 2768 pro
1354 2706 1452 2768 posse
1482 2685 1628 2768 implere,
1651 2685 1703 2749 vel
1730 2687 1830 2768 resig-

476 2826 574 2870 nare:
604 2815 638 2871 et
664 2806 742 2887 quia
769 2807 874 2869 indies
900 2806 1073 2870 infirmitas
1099 2807 1311 2886 continuavit,
1338 2807 1383 2870 ita
1408 2807 1498 2889 quod
1526 2806 1601 2870 illuc
1629 2807 1670 2870 de
1695 2804 1830 2872 Oxonia

475 2948 652 3011 properare
683 2948 749 2990 non
780 2927 881 3010 potui,
909 2927 993 3004 ideo,
1018 2948 1089 3010 ego,
1121 2927 1169 2990 M.
1189 2927 1337 2991 Thomas
1363 2925 1558 3010 Gascoigne,
1584 2929 1699 2992 doctor
1728 2948 1829 2993 sacrae

476 3047 679 3131 Theologiae,
709 3057 743 3112 et
773 3047 985 3113 cancellarius
1011 3047 1164 3126 Oxoniae,
1191 3047 1351 3131 resignavi
1381 3047 1551 3112 ecclesiam
1581 3047 1682 3124 illam,
1710 3049 1830 3112 eodem

475 3189 573 3247 anno,
597 3169 630 3232 in
659 3169 714 3234 die
738 3168 853 3234 Sancti
881 3169 1021 3234 Mathiae
1047 3167 1200 3253 apostoli,
1223 3168 1416 3252 simpliciter
1429 3190 1437 3250 ;
1472 3168 1615 3235 Sanctus
1645 3169 1734 3234 enim
1759 3169 1829 3233 Ed·

476 3289 627 3370 mundus,
657 3288 921 3373 archiepiscopus
951 3289 1206 3369 Cantuariensis,
1236 3310 1406 3372 nunquam
1443 3291 1551 3354 tenuit
1591 3290 1764 3355 ecclesiam
1795 3291 1828 3353 in

476 3430 576 3473 manu
600 3431 670 3489 sua,
695 3411 755 3475 nisi
780 3412 941 3493 quamdiu
965 3410 1184 3495 personaliter
1207 3411 1252 3474 ibi
1278 3411 1311 3473 in
1334 3431 1412 3475 cura
1437 3411 1567 3490 resedit,
1591 3420 1629 3476 ut
1655 3422 1747 3495 patet
1770 3431 1829 3494 per

475 3531 671 3615 magistrum
691 3530 871 3596 Albertum
893 3531 1121 3596 Lenosensem
1145 3531 1337 3615 episcopum
1360 3533 1393 3596 in
1415 3533 1484 3597 vita
1507 3531 1621 3598 Sancti
1646 3532 1826 3598 Edmundi.

476 3651 577 3716 Heu!
607 3652 693 3717 heul
725 3654 802 3736 quia
831 3653 986 3717 absencia
1011 3652 1089 3717 boni
1117 3654 1257 3735 pastoris
1288 3653 1382 3735 plura
1413 3652 1501 3718 mala
1530 3652 1609 3720 lacit
1639 3663 1673 3719 et
1703 3663 1827 3730 causat,

475 3771 559 3837 sicut
581 3773 736 3839 absencia
758 3783 868 3838 nautae
891 3773 923 3836 in
948 3773 1041 3838 navi!
