4322 4936
704 408 803 464 LOCI
828 407 858 461 E
886 405 1011 460 LIBRO
1046 406 1304 463 VERITATUM.
1622 415 1681 482 197

335 635 450 688 notum
471 626 631 707 estquod
656 625 766 706 plures
789 623 930 686 infantes
950 621 1133 684 moriuntur
1153 621 1224 684 sine
1245 621 1414 704 baptismo
1437 623 1514 706 quia
1537 623 1684 688 ecclesiae

334 745 539 827 parochiales
569 767 634 809 non
660 744 786 810 habent
815 743 934 820 sontes
957 753 991 806 et
1017 742 1162 807 abbatiae
1189 744 1328 807 diversae
1357 744 1482 810 habent
1512 745 1684 810 licenciam

335 877 366 930 et
383 887 478 929 usum
494 867 584 949 quod
601 886 717 929 omnes
739 867 782 929 de
802 865 899 928 certis
919 863 1081 946 parochiis
1097 862 1266 946 baptizent
1286 865 1318 927 in
1338 885 1451 928 eorum
1468 867 1684 940 monasteriis,

335 997 368 1050 et
394 997 506 1050 tamen
532 1006 598 1048 non
620 995 759 1068 possunt
781 985 814 1048 in
839 994 945 1062 nocte,
968 1003 1029 1046 nec
1055 983 1088 1046 in
1110 983 1183 1047 aliis
1205 985 1418 1066 temporibus,
1441 987 1616 1050 commode
1640 987 1684 1050 ad

335 1107 461 1170 sontem
489 1107 612 1170 ibidem
638 1107 804 1170 accedere.
849 1105 945 1182 Item,
968 1104 1121 1168 monachi
1146 1103 1379 1169 Cistercienses
1406 1103 1530 1170 habent
1553 1128 1597 1172 ex
1620 1108 1685 1190 pri-

335 1228 463 1310 vilegio,
487 1249 545 1291 seu
568 1248 612 1291 ex
635 1228 771 1291 licencia
794 1247 899 1309 papae,
920 1226 1011 1308 quod
1035 1227 1124 1292 idem
1148 1235 1206 1300 est,
1235 1227 1381 1290 decimas
1402 1237 1566 1291 certorum
1589 1249 1685 1312 agro-

335 1369 417 1425 rum,
437 1360 471 1412 et
491 1348 560 1430 jam
581 1348 718 1412 licencia
742 1350 788 1412 ita
810 1348 1003 1411 extenditur
1021 1356 1056 1409 et
1077 1347 1225 1410 abutitur
1244 1347 1334 1429 quod
1354 1347 1387 1410 in
1403 1348 1500 1412 certis
1522 1349 1686 1431 parochiis

335 1479 467 1532 curatus
495 1470 554 1531 vix
583 1469 708 1551 aliquid
738 1468 840 1532 habet
873 1468 917 1531 de
946 1466 1101 1550 parochia
1132 1466 1221 1530 unde
1250 1468 1348 1542 vivat,
1381 1477 1415 1531 et
1445 1469 1539 1550 quasi
1569 1490 1686 1534 omnes

335 1588 487 1653 monachi
510 1591 543 1652 in
566 1591 663 1653 certis
686 1589 766 1653 locis
788 1599 866 1652 sunt
890 1589 1001 1670 magni
1023 1597 1222 1651 mercatores
1242 1597 1276 1652 et
1297 1587 1423 1652 habent
1446 1589 1535 1653 bona
1557 1591 1687 1671 privata

336 1711 442 1773 multa
471 1710 504 1772 in
535 1711 687 1773 manibus
716 1709 881 1785 laicorum,
904 1719 938 1772 et
969 1728 1035 1771 non
1065 1709 1262 1790 permittunt
1294 1729 1339 1775 ex
1369 1710 1491 1773 curatis
1520 1711 1687 1790 decimari,

336 1840 370 1894 et
389 1831 436 1894 sic
453 1831 604 1912 ‘sanguis
624 1830 818 1912 sanguinem
839 1826 969 1910 tetigit,'
991 1829 1079 1894 Osee
1102 1829 1145 1910 iiij
1168 1828 1284 1911 caplo.‚
1307 1829 1326 1892 i.
1341 1849 1369 1893 e.
1391 1849 1492 1893 unum
1512 1844 1686 1912 peccatum

336 1951 469 2014 induxit
501 1951 566 2014 alia
600 1961 738 2034 peccata
775 1952 809 2016 in
838 1950 980 2032 plurima
1013 1950 1214 2014 detrimenta
1246 1949 1441 2014 animarum.
1500 1951 1531 2016 Ο
1562 1963 1689 2034 quanta

336 2072 424 2135 bona
452 2071 574 2135 faceret
602 2072 709 2135 bonus
740 2091 836 2153 papa,
863 2073 889 2134 si
921 2072 1044 2134 bonum
1076 2071 1231 2152 legatum,
1259 2090 1325 2134 non
1356 2070 1551 2153 inhyantem
1581 2074 1687 2148 donis,

336 2193 394 2255 sed
426 2193 523 2256 saluti
556 2193 751 2270 animarum,
778 2193 925 2256 mitteret
955 2213 1030 2256 curn
1062 2192 1234 2256 sufficienti
1266 2201 1433 2274 potestate
1465 2193 1497 2256 in
1531 2192 1687 2258 reforma·

337 2315 447 2378 ciones
469 2313 681 2378 ecclesiarum
703 2323 737 2376 et
760 2313 954 2394 regnorum!

424 2443 459 2510 [p.
471 2441 541 2510 5⁴3]
585 2442 756 2506 Quaerere.
802 2433 956 2497 Herodes
972 2453 1031 2496 rex
1047 2433 1198 2515 quaesivit
1213 2431 1337 2514 Jesum,
1353 2443 1414 2497 etc.
1429 2481 1436 2496 .
1453 2433 1688 2516 ..exemplum

338 2565 432 2637 patet
440 2555 510 2636 jam
523 2554 565 2618 de
576 2555 785 2618 ordinacione
801 2554 1039 2636 episcoporum.
1063 2552 1190 2618 Scitum
1204 2563 1298 2618 estet
1311 2565 1427 2618 notum
1440 2555 1529 2636 quod
1543 2555 1688 2638 episcopi

338 2675 418 2739 olim
434 2676 637 2759 eligebantur
647 2686 760 2740 sancte
775 2697 795 2738 a
810 2675 896 2739 clero
908 2674 960 2738 vel
970 2674 1102 2757 populo,
1112 2675 1164 2738 vel
1177 2685 1290 2740 sancte
1305 2675 1425 2758 provisi
1442 2685 1476 2739 et
1491 2677 1580 2739 missi
1596 2685 1689 2740 erant

339 2817 359 2859 a
382 2817 468 2878 papa
492 2796 645 2860 Romano
669 2797 739 2860 sine
764 2795 930 2860 solucione
953 2795 1134 2878 primorum
1159 2795 1322 2860 fructuum
1346 2796 1493 2860 ecclesiae
1516 2797 1689 2872 Romanae,

339 2927 373 2980 et
388 2918 459 2981 sine
474 2917 585 2999 aliqua
601 2918 814 2995 mediacione,
826 2901 859 2980 et
875 2917 945 2980 sine
961 2937 1122 2982 consensu
1139 2917 1244 2998 regis;
1261 2927 1295 2980 et
1311 2935 1392 2980 mox
1405 2927 1479 2999 post
1493 2917 1690 2982 eleccionem

341 3039 579 3102 ordinabantur
593 3039 626 3101 in
643 3039 843 3120 episcopum,
861 3047 894 3100 et
910 3036 1067 3100 installati
1082 3037 1211 3100 luerunt
1233 3046 1308 3122 post
1326 3037 1572 3102 ordinacionem
1587 3058 1691 3116 suam,

340 3169 374 3223 et
397 3167 510 3222 tamen
533 3159 597 3223 ista
611 3160 750 3223 veritate
771 3158 884 3241 agnita
906 3167 1020 3222 contra
1042 3157 1214 3224 veritatem
1238 3157 1284 3235 fit,
1301 3167 1333 3222 et
1348 3158 1469 3221 veritas
1492 3158 1637 3239 perditur
1657 3168 1691 3222 et

341 3299 406 3342 non
422 3281 615 3361 exequitur3
639 3280 716 3362 quia
732 3279 840 3342 nullus
852 3279 922 3361 jam
944 3278 976 3340 in
998 3297 1099 3360 regno
1119 3287 1169 3340 est
1190 3277 1363 3360 episcopus
1385 3277 1445 3340 nisi
1466 3278 1571 3342 solvat
1592 3277 1690 3342 curiae

345 3399 506 3462 Romanae
530 3410 581 3463 tot
604 3400 769 3482 pecunias,
791 3419 847 3461 seu
871 3409 922 3462 tot
945 3397 1045 3475 milia,
1064 3407 1097 3460 et
1120 3398 1224 3461 eciam
1248 3397 1307 3459 nisi
1332 3417 1407 3460 cum
1430 3397 1493 3460 hoc
1515 3417 1692 3462 consensus

342 3521 427 3602 regis
443 3530 623 3584 concurrat.
667 3521 729 3583 Vae
745 3540 823 3600 ergo
840 3517 904 3583 illis
920 3520 975 3600 qui
991 3528 1142 3600 quaerunt
1163 3517 1243 3599 quid
1265 3527 1314 3581 est
1335 3518 1511 3598 agendum,
1528 3529 1561 3582 et
1580 3528 1691 3582 tamen

341 3641 465 3705 faciunt
480 3643 671 3705 continuum
688 3651 725 3705 ut
736 3641 860 3716 volunt,
874 3650 907 3704 et
923 3641 969 3704 sic
984 3651 1135 3722 quaerunt
1150 3639 1322 3702 veritatem
1339 3639 1382 3702 ad
1399 3640 1603 3720 perdendum
1619 3661 1693 3703 eam

344 3772 378 3825 et
401 3782 467 3825 non
490 3762 532 3824 ad
554 3763 741 3826 laciendum
763 3763 944 3826 secundum
968 3768 1060 3825 eaml
1107 3760 1200 3825 Sicut
1218 3760 1370 3823 Herodes
1392 3761 1561 3842 quaerebat
1579 3760 1692 3842 Jesum

343 3883 386 3945 ad
416 3884 621 3964 perdendum
653 3903 728 3947 eum
759 3895 792 3947 et
821 3885 864 3946 ad
895 3884 1112 3948 occidendum
1144 3901 1229 3960 eum,
1255 3882 1405 3964 quamvis
1435 3881 1521 3945 dixit
1548 3883 1693 3965 seipsum

343 4004 482 4067 adorare
503 4004 618 4085 Jesum
641 4005 668 4066 si
691 4005 900 4068 inveniretur.

432 4131 468 4199 [p.
486 4131 553 4200 54⁶]
598 4131 733 4187 Raetos.
780 4125 892 4188 Plures
922 4133 1040 4208 optant
1068 4133 1101 4187 et
1132 4131 1311 4204 expectant
1345 4131 1382 4186 ut
1412 4119 1557 4186 habeant
1588 4123 1694 4188 bonos

348 4244 520 4326 episcopos
545 4244 707 4325 praelatos,
731 4254 763 4309 et
790 4257 825 4310 ut
851 4245 996 4310 habeant
1021 4246 1125 4309 bonos
1151 4254 1300 4323 rectores,
1325 4264 1382 4326 per
1407 4263 1545 4326 quorum
1568 4245 1693 4308 bonum
