4378 4936
728 367 827 420 LOCI
852 367 882 419 E
910 365 1034 420 LIBRO
1070 365 1327 419 VERITATUM.
1645 367 1714 434 123·

446 591 480 657 [p.
496 589 564 658 599]
606 581 700 644 Heu!
724 582 801 663 quia
824 581 907 644 circa
929 601 1052 644 annum
1073 579 1209 644 Domini
1229 597 1319 660 1449,
1336 600 1419 642 unus
1441 578 1706 660 archiepiscopus

359 723 418 785 per
437 723 514 765 suos
534 701 705 764 officiarios
727 701 897 764 mandavit
919 721 977 783 per
997 721 1090 764 suam
1111 701 1268 764 diocesim
1290 701 1322 763 in
1338 695 1576 781 Anglia‚'quod
1598 697 1706 760 nullus

360 821 545 886 absolveret
565 821 710 904 aliquem
726 842 746 884 a
764 821 908 903 peccatis
925 820 1089 898 confessis,
1109 821 1169 884 nisi
1190 822 1279 904 prius
1300 821 1452 883 sacerdos
1473 819 1502 881 ei
1523 818 1707 901 injungeret

361 942 486 1006 solvere
513 942 669 1024 pecunias
691 941 837 1005 ecclesiae
864 940 948 1004 illius
971 943 1115 1024 episcopi
1139 941 1190 1004 vel
1217 940 1263 1005 illi
1288 942 1452 1022 episcopo,
1475 940 1522 1002 ita
1548 939 1638 1020 quod
1665 939 1707 1002 de

361 1062 417 1126 illa
438 1063 576 1144 pecunia
598 1061 748 1126 redderet
770 1061 908 1144 quilibet
929 1071 1060 1125 curatus
1082 1083 1150 1124 suae
1171 1063 1310 1126 diocesis
1329 1069 1520 1143 compotum
1537 1060 1569 1122 in
1591 1059 1708 1123 sinodo

361 1183 464 1247 semel
488 1183 636 1264 quolibet
658 1203 745 1246 anno
767 1191 844 1264 post
868 1181 1002 1246 Pascha.

448 1313 489 1378 [p.
504 1312 573 1376 6οο.]
619 1303 841 1369 Consimiliter
861 1302 931 1384 jam
956 1323 1022 1365 non
1050 1313 1164 1366 curant
1187 1302 1339 1366 homines
1364 1323 1509 1385 peccare,
1536 1303 1614 1383 quia
1641 1320 1709 1363 cre-

363 1424 445 1487 dunt
482 1444 518 1488 se
553 1444 618 1487 non
652 1446 749 1507 posse
784 1444 843 1488 nec
878 1423 946 1487 lore
981 1424 1212 1506 dampnandos
1246 1433 1381 1506 propter
1415 1422 1658 1504 indulgenciam
1690 1440 1711 1482 a

364 1543 473 1606 Roma
499 1563 696 1622 concessam,
722 1566 797 1627 quae
821 1545 890 1626 jam
918 1545 964 1607 sic
993 1545 1192 1618 conceditur,
1215 1553 1252 1607 ut
1279 1564 1344 1606 non
1370 1543 1555 1625 puplicetur
1580 1543 1613 1605 in
1637 1541 1711 1604 An-

361 1663 428 1745 glia
451 1684 622 1746 quousque
644 1685 750 1730 annus
772 1664 1071 1747 quinquagesimus,
1089 1665 1144 1745 qui
1165 1685 1185 1728 a
1204 1664 1327 1746 populo
1350 1673 1485 1728 vocatur
1502 1661 1652 1744 jubileus,
1668 1665 1711 1726 sit

363 1792 555 1861 transactus,
571 1805 613 1847 ne
634 1784 719 1848 sorte
734 1805 793 1867 per
811 1784 883 1848 illas
903 1783 1128 1866 indulgencias
1151 1785 1183 1846 in
1199 1783 1324 1867 Anglia
1347 1804 1519 1848 concessas
1542 1783 1712 1866 pauciores

363 1903 430 1965 sint
452 1903 627 1967 offerentes
650 1914 684 1968 et
706 1905 1111 1997 pecuniam.eilundentes
1134 1905 1261 1968 Romae.

451 2032 485 2098 [p.
510 2032 581 2098 603]
631 2023 854 2089 Consimiliter
879 2023 950 2106 jam
974 2025 1121 2088 moderni
1151 2033 1340 2107 peccatores
1370 2021 1495 2102 dicunt,
1518 2023 1614 2086 ‘Non
1634 2043 1712 2087 curo

365 2164 439 2226 quae
463 2152 496 2206 et
520 2155 602 2226 quot
622 2144 709 2209 mala
733 2146 839 2210 secero
865 2166 977 2210 coram
999 2145 1083 2224 De0,
1099 2147 1176 2227 quia
1199 2145 1352 2210 lacillime
1375 2155 1409 2208 et
1427 2143 1583 2208 citissime
1604 2144 1712 2208 habeo

366 2265 590 2328 remissionem
618 2265 800 2346 plenariam
826 2264 1047 2348 cujuscunque
1071 2265 1177 2347 culpae
1200 2276 1233 2328 et
1255 2284 1365 2347 poenae
1387 2284 1446 2347 per
1468 2263 1712 2328 absolucionem

366 2393 399 2447 et
422 2383 666 2467 indulgenciam
688 2406 879 2450 concessam
904 2386 1002 2450 michi
1025 2407 1045 2448 a
1067 2407 1163 2469 papa,
1185 2384 1276 2466 cujus
1299 2386 1493 2468 scripturam
1520 2393 1554 2447 et
1581 2403 1713 2448 conces·

366 2503 492 2568 sionem
518 2505 582 2568 emi
612 2527 672 2589 pro
703 2523 724 2583 4
749 2506 899 2585 denariis
926 2505 977 2570 vel
1006 2526 1066 2588 pro
1096 2527 1157 2570 sex
1188 2506 1336 2583 denariis
1362 2505 1414 2569 vel
1444 2525 1503 2587 per
1531 2504 1639 2568 lusum
1669 2505 1713 2567 ad

366 2623 466 2705 pilam
480 2621 504 2702 3'
536 2626 589 2688 isti
613 2627 700 2689 enim
724 2627 779 2709 qui
804 2626 989 2691 concedunt
1010 2626 1120 2691 literas
1146 2626 1426 2723 indulgenciamm
1448 2625 1634 2689 discurrunt
1656 2645 1715 2707 per

367 2744 516 2825 regiones
538 2755 571 2809 et
593 2746 674 2810 dant
696 2746 873 2828 aliquando
897 2747 1025 2810 literam
1049 2768 1109 2829 pro
1131 2747 1260 2810 duobus
1280 2746 1431 2824 denariis,
1451 2745 1631 2829 aliquando
1654 2765 1714 2827 pro

369 2863 458 2926 bono
483 2864 602 2928 haustu
629 2867 696 2930 vini
721 2866 773 2930 vel
804 2867 975 2940 serevisiae,
1000 2866 1179 2949 aliquando
1204 2887 1263 2950 pro
1290 2866 1361 2929 lusu
1389 2867 1431 2929 ad
1462 2867 1563 2949 pilam
1591 2868 1617 2928 si
1644 2865 1715 2928 vin·
1787 2927 1792 2936 ,

367 2994 491 3062 cantur,
522 2985 699 3067 aliquando
730 3008 790 3069 pro
820 2999 896 3051 actu
927 2989 1118 3065 meretricio,
1147 2987 1325 3069 aliquando
1356 3008 1415 3069 pro
1444 3007 1555 3050 amore
1584 2985 1715 3049 camali.

369 3103 484 3168 Petrus
507 3106 594 3168 enim
617 3107 660 3170 de
677 3106 794 3170 Monte
812 3108 877 3189 qui,
894 3107 978 3171 circa
1000 3127 1122 3170 annum
1139 3107 1275 3171 Domini
1295 3125 1384 3184 1440,
1404 3107 1537 3188 collegit
1560 3105 1715 3187 pecunias

368 3223 525 3306 plurimas
547 3245 607 3306 pro
630 3226 846 3309 indulgenciis
868 3229 1029 3290 concessis
1051 3249 1071 3290 a
1093 3248 1181 3310 papa
1204 3227 1364 3310 Eugenio‚
1383 3227 1416 3290 in
1440 3246 1567 3289 recessu
1590 3245 1649 3287 suo
1671 3225 1715 3287 ab

368 3342 501 3425 Anglia,
528 3347 662 3427 quando
691 3347 824 3411 intravit
853 3368 971 3411 navem
994 3348 1027 3409 in
1058 3349 1147 3426 mari,
1174 3347 1261 3410 dixit
1289 3348 1415 3411 doctori
1436 3345 1615 3410 Vincencio
1640 3343 1716 3408 Cle·

370 3472 481 3528 ment:
508 3464 592 3530 ‘Per
616 3464 760 3531 Deuml’
791 3467 906 3550 inquit,
934 3473 1042 3550 ‘papa
1065 3467 1235 3550 Eugenius
1259 3488 1427 3550 nunquam
1454 3465 1590 3530 habebit
1614 3486 1716 3528 unum

370 3584 540 3647 denarium
555 3587 598 3650 de
621 3587 685 3650 illis
706 3589 809 3652 saccis
830 3587 975 3671 impletis
992 3589 1139 3671 pecunia,
1156 3589 1217 3651 nisi
1235 3591 1324 3672 prius
1345 3589 1469 3652 miserit
1488 3586 1585 3651 michi
1607 3587 1717 3651 literas

370 3725 445 3768 suas
467 3707 557 3788 quod
583 3707 735 3789 promisit
759 3708 858 3772 michi
884 3707 1201 3792 archiepiscopatum
1227 3705 1550 3774 Mediolanensem¹.’

457 3835 491 3901 [p.
509 3835 580 3903 605]
633 3828 721 3891 Xtus
762 3829 922 3894 concessit
959 3829 1185 3912 indulgencias
1221 3831 1328 3894 beatae
1360 3830 1518 3912 Brigittae‚
1549 3830 1718 3911 quondam

370 3946 478 4010 viduae
503 3949 546 4012 de
573 3967 675 4034 regno
698 3947 842 4030 Sweciae,
864 3949 948 4015 tales
972 3950 1086 4034 quales
1108 3961 1186 4016 sunt
1208 3951 1241 4014 in
1266 3951 1403 4016 ecclesia
1428 3950 1542 4016 Sancti
1566 3949 1652 4015 Petri
1674 3951 1718 4015 ad

370 4067 512 4132 Vincula
535 4068 567 4131 in
590 4068 708 4148 Roma,
725 4069 758 4132 in
782 4069 912 4152 signum
936 4071 1025 4153 quod
1049 4071 1138 4136 Xtus
1160 4071 1264 4135 voluit
1288 4091 1409 4155 papam
1428 4069 1602 4134 Urbanum
1626 4072 1719 4153 quin-

808 4204 817 4234 ¹
834 4206 877 4258 He
888 4223 939 4256 was
951 4209 1023 4257 made
1036 4208 1129 4273 Bishop
1141 4208 1170 4257 ol
1180 4208 1285 4258 Brescia.

1013 4305 1036 4354 R
1061 4309 1078 4354 2
