4378 4936
493 407 555 470 166
868 413 966 470 LOCI
991 411 1021 466 E
1049 411 1174 466 LIBRO
1209 409 1468 466 VERITATUM.

580 637 618 706 [p.
644 635 712 704 ιη]
756 633 960 703 Dispenssrs
984 633 1040 690 vol
1064 631 1257 691 lioenoisre.
1303 624 1391 689 Novi
1421 623 1508 688 enim
1537 641 1638 686 unum
1665 619 1721 703 qui
1741 617 1845 702 peciit

492 759 514 815 ‘a
540 751 686 833 quodam
711 747 868 814 cardinali
894 749 928 813 in
952 745 1079 829 Anglia
1102 755 1140 810 ut
1165 745 1390 810 nominaretur
1413 743 1602 827 capellanus
1628 741 1787 825 ejusdem,
1811 747 1845 803 et

494 870 556 934 sibi
586 871 747 934 concessit
774 877 810 932 ut
834 868 1084 946 devocaretur,
1110 874 1145 931 et
1167 877 1240 931 tum
1265 885 1434 948 nunquam
1463 867 1510 929 sic
1535 863 1617 942 luit3
1644 869 1678 926 et
1704 860 1765 925 sub
1790 857 1846 922 illa

494 989 729 1055 informacione
758 989 902 1071 optinuit
931 1009 952 1052 a
978 1008 1065 1071 papa
1093 987 1246 1070 Eugenio
1275 987 1359 1050 duas
1390 983 1545 1050 ecclesias
1573 979 1846 1066 incompatibiles,

496 1122 530 1176 et
549 1131 615 1175 non
638 1111 781 1175 residere
803 1109 835 1173 in
855 1108 966 1191 aliqua
988 1127 1122 1186 earum3
1150 1117 1184 1171 et
1203 1107 1335 1172 licentia
1357 1107 1413 1170 illa
1434 1107 1587 1171 utebatur
1605 1124 1726 1169 vacans
1748 1123 1846 1167 vena-

496 1233 645 1298 cionibus
667 1241 701 1296 et
723 1231 848 1296 deliciis
870 1231 1015 1313 corporis
1039 1231 1133 1312 quasi
1158 1229 1249 1293 omni
1271 1228 1335 1293 die.

584 1361 625 1430 [p.
644 1361 710 1426 nn]
756 1352 802 1416 Et
826 1353 902 1416 ideo
928 1350 1094 1434 collegiati
1116 1350 1187 1432 jam
1210 1357 1244 1412 et
1265 1348 1514 1431 approprietarii
1547 1347 1768 1422 ecclesiarum,
1791 1346 1847 1429 qui

497 1474 623 1540 habent
656 1474 809 1540 ecclesias
838 1474 885 1539 eis
916 1493 1065 1537 annexas
1095 1492 1153 1536 seu
1182 1471 1419 1555 appropriatos,
1442 1479 1562 1553 optant
1590 1470 1661 1553 jam
1693 1466 1849 1534 exhibere

495 1595 567 1679 jam
593 1595 790 1661 rusticaliter
816 1604 850 1660 et
880 1594 1112 1658 insufficienter
1141 1611 1244 1656 unum
1270 1592 1487 1670 sacerdotem,
1511 1591 1658 1670 inscium,
1680 1589 1848 1663 viciosum,

499 1726 534 1780 et
559 1715 706 1780 ideotam
733 1715 789 1799 qui
820 1735 880 1780 nec
910 1714 981 1794 scit,
1009 1734 1071 1778 nec
1100 1721 1221 1796 potest,
1250 1733 1310 1777 nec
1339 1711 1411 1776 vult
1436 1733 1476 1776 ea
1501 1712 1609 1777 lacere
1639 1733 1713 1794 quae
1739 1731 1850 1776 neces·

499 1836 584 1901 saria
606 1849 682 1902 sunt
705 1857 792 1902 curae
814 1837 1010 1914 animarum,
1031 1843 1065 1898 et
1088 1835 1144 1917 qui
1167 1855 1227 1899 nec
1250 1835 1320 1912 scit,
1343 1854 1403 1898 nec
1426 1843 1537 1917 potest
1559 1843 1674 1898 contra
1697 1854 1754 1898 eos
1776 1851 1851 1914 pro·

500 1959 671 2041 prietarios
688 1957 868 2041 quaerelam
890 1956 1006 2033 lacere,
1022 1975 1081 2020 nec
1103 1956 1188 2020 vicia
1210 1976 1323 2020 eorum
1347 1956 1550 2040 redarguere,
1574 1975 1634 2020 nec
1658 1966 1773 2021 contra
1795 1973 1852 2017 eos

499 2076 598 2158 loqui,
622 2095 682 2140 nec
712 2074 895 2138 remedium
922 2093 983 2137 nec
1007 2072 1316 2156 augmentacionem
1343 2074 1450 2137 victus
1476 2074 1526 2137 sui
1552 2093 1711 2157 quaerere.
1766 2071 1851 2136 Novi

501 2199 588 2261 enim
612 2213 713 2260 unum
737 2213 895 2277 magnum
918 2196 953 2258 in
976 2194 1110 2272 mundo,
1127 2194 1265 2258 idiotam
1289 2194 1430 2277 ingenio,
1445 2194 1638 2278 simpliciter
1659 2195 1797 2260 inscium
1819 2192 1852 2256 in

501 2317 717 2399 grammatica
737 2327 772 2381 et
795 2315 828 2378 in
848 2334 1045 2398 quacunque
1067 2297 1204 2379 scientia
1218 2334 1304 2393 vera,
1320 2325 1511 2397 promotum
1527 2337 1587 2398 per
1609 2335 1711 2379 unum
1733 2333 1852 2397 regem,

502 2447 537 2502 et
558 2457 619 2521 per
638 2435 808 2501 licenciam
829 2455 925 2518 papae
949 2434 1091 2517 Eugenii
1114 2432 1190 2517 iiijfl,
1213 2436 1247 2499 in
1272 2455 1431 2517 magnum
1453 2436 1756 2502 archidiaconatum
1779 2455 1855 2500 cen·

502 2569 575 2623 tum
602 2557 758 2620 librarum
786 2557 819 2619 in
845 2555 966 2633 valore,
988 2565 1021 2619 et
1048 2555 1149 2619 etiam
1176 2555 1210 2618 in
1235 2557 1431 2638 praebendas
1456 2557 1633 2622 duodecim
1659 2555 1757 2621 simul
1780 2575 1855 2621 cum

502 2678 574 2756 hoc,
604 2687 638 2740 et
668 2697 727 2758 per
757 2697 808 2739 xx
837 2695 953 2750 annos,
984 2685 1021 2738 ut
1046 2696 1109 2758 ego
1139 2677 1225 2750 novi,
1259 2678 1401 2754 retinuit,
1433 2687 1467 2742 et
1494 2686 1606 2742 tamen
1634 2697 1796 2760 nusquam
1822 2677 1855 2740 in

503 2798 615 2881 aliqua
636 2815 749 2861 earum
771 2795 1026 2879 praebendarum
1049 2817 1109 2859 nec
1132 2797 1165 2859 in
1188 2797 1299 2879 aliqua
1322 2798 1502 2880 praebenda
1523 2797 1593 2878 luit,
1613 2818 1674 2863 nec
1696 2798 1741 2861 ibi
1765 2817 1857 2862 man·

504 2921 556 2995 sit,
583 2938 644 2982 nec
673 2937 777 2982 unum
806 2916 978 2982 denarium
1002 2917 1051 2980 eis
1080 2917 1112 2979 in
1140 2917 1312 2982 elimosina
1337 2919 1440 2994 dedit,
1465 2940 1525 2984 nec
1557 2939 1658 2982 unum
1684 2919 1856 2983 denarium

505 3039 638 3123 recepit,
668 3038 729 3102 nisi
759 3039 941 3102 secundum
971 3037 1178 3103 voluntatem
1208 3041 1351 3104 virorum
1381 3040 1586 3116 secularium,
1617 3039 1673 3123 qui
1704 3039 1859 3104 ecclesias

506 3181 582 3226 suas
608 3169 643 3224 et
666 3159 863 3241 praebendas
889 3160 922 3221 in
947 3179 1046 3222 manu
1073 3179 1134 3224 sua
1161 3159 1268 3224 laicali
1294 3161 1505 3239 retinuerunt,
1528 3171 1562 3226 et
1588 3184 1648 3246 per
1671 3183 1722 3225 xx
1744 3181 1858 3238 annos,

506 3293 540 3347 et
561 3283 594 3344 in
612 3279 880 3345 archidiaconatu
901 3300 962 3343 suo
989 3299 1090 3342 unum
1111 3279 1285 3344 officialem
1309 3281 1544 3347 ordinaverunt
1567 3283 1612 3348 ad
1636 3283 1859 3368 colligendum

506 3403 662 3486 pecunias
680 3402 770 3464 omni
786 3420 884 3476 anno,
901 3411 935 3464 et
950 3400 1123 3466 licenciam
1139 3421 1204 3464 non
1219 3401 1384 3481 visitandi,
1400 3413 1434 3467 et
1453 3413 1490 3468 ut
1509 3425 1575 3469 non
1592 3415 1679 3470 esset
1697 3406 1860 3484 sacerdos,

505 3545 528 3588 a
542 3542 631 3606 papa
646 3519 799 3604 Eugenio
813 3521 949 3600 habuit3
973 3531 1007 3585 et
1028 3521 1101 3587 laici
1121 3523 1271 3604 praedicti
1292 3545 1337 3588 ex
1357 3525 1511 3590 omnibus
1529 3526 1698 3592 beneficiis
1715 3528 1783 3592 suis
1802 3529 1861 3593 de·

507 3646 627 3709 derunt
647 3645 825 3708 sitantum
848 3645 1021 3708 annuatim
1042 3653 1204 3725 quantum
1224 3645 1271 3708 eis
1293 3645 1426 3727 placuit,
1441 3647 1500 3710 vix
1515 3667 1550 3710 x.
1567 3648 1620 3728 li.;
1643 3659 1677 3713 et
1698 3651 1789 3714 omni
1807 3651 1862 3715 die

507 3765 575 3830 lere
595 3766 671 3829 novi
693 3785 770 3829 eum
790 3765 915 3829 ebrium
937 3765 1057 3845 luisse3
1081 3775 1115 3831 et
1137 3767 1216 3847 quia
1235 3766 1297 3830 luit
1320 3768 1441 3832 stultus
1464 3789 1539 3833 cum
1560 3770 1707 3852 quodam
1726 3791 1811 3855 rege,
1829 3781 1863 3836 et

509 3887 627 3952 ludens
649 3906 725 3950 cum
741 3907 781 3950 eo
803 3886 1034 3969 injuventute,
1052 3889 1128 3952 ideo
1144 3889 1189 3952 sic
1212 3899 1384 3971 promotus
1404 3890 1466 3955 luit
1483 3912 1543 3973 per
1565 3893 1744 3957 instancias
1765 3895 1864 3958 laico·

510 4029 592 4086 rum,
614 4009 670 4090 qui
692 4008 857 4073 vocabant
877 4009 1004 4092 seipsos
1026 4010 1205 4075 creditores
1228 4011 1338 4094 ipsius,
1359 4021 1394 4076 et
1417 4021 1530 4077 tamen
1553 4034 1613 4096 per
1633 4034 1757 4078 annum
1781 4017 1864 4079 inte-

510 4149 606 4212 grum
625 4149 691 4194 non
712 4131 891 4195 visitabant
914 4151 999 4198 eum.
1046 4131 1141 4196 Heul
1167 4131 1252 4198 heu!
1280 4144 1362 4216 quot
1384 4135 1472 4200 mala
1496 4145 1678 4218 sequuntur
1699 4136 1779 4200 dato
1799 4157 1864 4200 uno

513 4245 609 4322 malo,
629 4255 714 4311 teste
738 4244 830 4312 Deo!
877 4247 952 4330 Ego
976 4249 1093 4314 doctor
1116 4251 1191 4313 novi
1216 4249 1279 4315 ista
1303 4271 1375 4315 esse
1398 4271 1474 4316 vera
1493 4261 1526 4316 et
1550 4253 1650 4316 etiam
1674 4251 1829 4335 pessima.
