4378 4936
478 391 540 459 150
857 383 955 438 LOCI
980 383 1010 438 E
1037 383 1161 438 LIBRO
1196 382 1454 437 VERJTATUM.

479 595 605 660 meliori
638 593 759 672 Saule,’
785 605 822 660 ut
852 607 946 680 patet
976 598 1026 662 P⁰.
1058 597 1201 681 Regum,
1234 611 1274 679 15
1304 597 1460 680 capitulo.
1507 596 1562 662 Sic
1594 595 1653 660 Xti
1680 594 1830 682 vicarius,

476 717 631 782 dominus
653 739 751 801 papa,
773 719 830 801 qui
852 728 903 782 est
925 719 1135 801 dispensator
1157 730 1191 784 et
1219 719 1368 782 minister
1392 719 1554 782 bonorum
1582 715 1728 781 ecclesiae
1753 737 1829 780 auc-

477 837 612 904 toritate
628 838 698 916 Xti,
716 847 827 921 potest
848 839 881 902 in
902 839 966 903 Dei
985 841 1110 904 cultum
1127 840 1423 923 augmentandum,
1439 849 1473 903 et
1490 838 1616 910 lucrum
1635 839 1828 912 animarum,

478 980 529 1024 res
558 960 656 1024 datas
686 960 718 1024 in
749 980 827 1024 usus
859 959 998 1042 alicujus
1031 960 1179 1030 ecclesiae
1209 961 1383 1044 disponere
1413 970 1448 1024 et
1481 959 1664 1042 prudentiae
1693 958 1830 1040 alicujus

477 1079 537 1143 viri
563 1081 597 1143 in
624 1082 856 1148 commendam
882 1081 1022 1160 tradere,
1047 1091 1081 1145 et
1107 1083 1225 1146 eadem
1252 1082 1340 1146 bona
1366 1082 1398 1144 in
1430 1081 1582 1144 meliores
1611 1089 1645 1144 et
1674 1081 1707 1143 in
1737 1100 1830 1144 sanc·

477 1201 579 1266 tiores
609 1222 686 1265 usus
716 1203 871 1280 converti,
901 1211 935 1266 et
965 1203 1130 1285 praecipue
1159 1203 1192 1267 in
1225 1203 1299 1265 illos
1331 1211 1426 1267 actus
1456 1224 1500 1266 ex
1531 1202 1650 1284 quibus
1682 1203 1830 1284 sequitur

478 1321 584 1403 major
612 1323 701 1386 salus
729 1333 766 1388 et
792 1323 919 1387 lucrum
946 1323 1141 1392 animarum.
1199 1323 1238 1395 ln
1265 1323 1402 1395 diversis
1429 1323 1578 1406 epistolis
1602 1324 1708 1388 sancti
1732 1343 1830 1405 papae

478 1440 629 1526 Gregorii
664 1444 785 1525 legitur
814 1446 903 1527 quod
939 1443 1082 1508 Sanctus
1112 1442 1291 1527 Gregorius
1324 1443 1403 1507 iecit
1432 1443 1516 1506 duos
1547 1444 1757 1526 episcopatus
1786 1444 1829 1507 de

478 1583 544 1627 uno
566 1565 770 1648 episcopatu,
793 1575 827 1629 et
853 1575 957 1629 terras
979 1575 1014 1630 et
1036 1565 1184 1629 redditus
1206 1566 1303 1628 unius
1330 1563 1476 1628 ecclesiae
1499 1565 1592 1628 dedit
1618 1564 1651 1627 in
1678 1563 1830 1628 meliores

477 1703 557 1747 usus
591 1684 726 1750 alterius
761 1685 918 1765 ecclesiae,
950 1696 985 1750 et
1020 1686 1183 1754 concessit
1212 1685 1303 1767 quod
1333 1705 1418 1752 unus
1450 1686 1558 1749 bonus
1588 1694 1701 1768 pastor
1733 1684 1830 1748 unius

477 1804 625 1871 ecclesiae
654 1805 792 1879 haberet
821 1807 885 1871 sibi
916 1816 950 1870 et
975 1806 1217 1870 successoribus
1246 1806 1314 1874 suis
1343 1826 1395 1868 res
1423 1805 1558 1870 alterius
1589 1805 1746 1880 ecclesiae,
1772 1805 1829 1869 ubi

476 1945 591 2008 paucae
622 1947 771 2011 personae
801 1927 942 2005 luerunt,
972 1937 1005 1990 et
1040 1947 1147 2008 pauca
1176 1927 1265 1994 bona
1294 1947 1354 2009 per
1383 1926 1455 1990 illas
1484 1937 1588 1991 terras
1617 1937 1652 1992 et
1681 1927 1829 1992 redditus

476 2045 610 2112 fiebant.
656 2047 751 2122 Item,
779 2049 868 2112 idem
898 2058 1032 2116 sanctus
1062 2047 1153 2130 Papa
1179 2047 1274 2111 dedit
1302 2047 1471 2112 licenciam
1501 2049 1578 2111 viris
1607 2047 1765 2124 ecclesiae,
1792 2059 1829 2113 ut

476 2168 616 2232 invicem
647 2178 891 2234 commutarent
921 2177 1024 2232 terras
1055 2189 1132 2233 suas
1161 2179 1194 2232 et
1225 2168 1373 2232 redditus
1403 2169 1435 2231 in
1466 2169 1625 2252 majorem
1652 2169 1827 2240 utilitatem

476 2291 752 2372 consequendam,
777 2299 815 2353 ut
836 2299 931 2372 patet
953 2290 986 2362 in
1010 2290 1127 2353 eodem
1152 2290 1308 2371 Registro
1332 2288 1447 2354 Sancti
1472 2290 1633 2374 Gregorii.

563 2419 684 2486 [p.162.]
729 2410 894 2482 Dominus
921 2410 1015 2474 Deus
1041 2419 1190 2484 testatur,
1213 2409 1367 2491 Jeremiae
1396 2408 1449 2471 18⁰
1475 2418 1548 2486 ca⁰.,
1575 2412 1666 2494 quod
1692 2412 1720 2475 si
1746 2431 1828 2494 gens

476 2531 672 2614 peccaverit,
712 2540 745 2595 et
784 2531 857 2596 voci
897 2531 961 2594 Dei
1002 2550 1069 2594 non
1109 2530 1279 2608 obedierit,
1317 2541 1396 2595 tunc
1438 2532 1532 2596 Deus
1574 2541 1653 2615 aget
1691 2532 1826 2616 pinnam

475 2673 575 2734 super
600 2653 690 2716 bono
717 2653 808 2734 quod
834 2651 963 2716 locutus
994 2662 1045 2715 est
1074 2662 1112 2715 ut
1137 2650 1262 2716 laceret
1290 2653 1391 2733 genti,
1416 2652 1473 2715 ie.
1502 2653 1644 2719 mutabit
1673 2653 1827 2717 effectum

476 2793 576 2855 quem
613 2773 773 2855 promisit,
803 2782 837 2836 et
873 2794 939 2836 non
974 2772 1074 2837 saciet
1104 2774 1228 2838 bonum
1257 2773 1347 2855 quod
1377 2772 1529 2854 promisit
1558 2774 1604 2836 illi
1633 2774 1733 2857 genti,
1764 2773 1829 2837 sub

475 2893 667 2958 conditione
700 2892 942 2958 subintellecta.
1001 2891 1226 2958 Consimiliter
1260 2893 1320 2956 Xti
1354 2893 1502 2970 vicarius,
1540 2893 1695 2958 dominus
1728 2915 1826 2977 papa,

476 3024 596 3097 potest,
612 3024 747 3097 propter
767 3015 909 3079 abusum
936 3025 969 3080 et
992 3025 1175 3098 peccatum,
1192 3013 1355 3078 retrahere
1378 3013 1467 3084 bona
1488 3016 1683 3098 temporalia
1706 3024 1740 3080 et
1761 3016 1828 3097 pri-

474 3135 594 3218 vilegia
617 3136 672 3197 uni
695 3136 841 3199 eeclesiae
867 3156 1032 3213 concessa,
1055 3146 1089 3200 et
1113 3135 1146 3197 in
1172 3134 1253 3200 alios
1277 3155 1355 3205 usus
1381 3134 1533 3200 meliores
1557 3136 1613 3200 illa
1636 3136 1725 3200 bona
1749 3157 1827 3200 con-

475 3255 579 3334 lerre;
607 3265 641 3319 et
662 3265 772 3338 potest
794 3266 922 3320 mutare
939 3255 1069 3334 collata,
1084 3267 1118 3319 et
1141 3255 1305 3319 retrahere
1324 3256 1453 3335 collata,
1468 3257 1553 3320 sicut
1575 3257 1676 3333 Deus,
1691 3268 1828 3340 propter

475 3387 658 3458 peccatum,
683 3378 821 3442 retraxit
844 3377 932 3442 bona
956 3377 1077 3442 collata
1100 3399 1120 3440 a
1142 3377 1337 3458 Jerusalem,
1360 3389 1395 3442 et
1419 3377 1463 3441 ab
1487 3377 1579 3460 Hely
1600 3387 1634 3441 et
1656 3398 1676 3441 a
1698 3399 1827 3443 succes-

476 3499 604 3562 soribus
632 3497 712 3579 ejus.
760 3498 857 3562 Patet
883 3499 990 3580 primo
1018 3499 1160 3581 Regum.
1207 3499 1279 3562 Nec
1306 3499 1339 3560 in
1365 3498 1429 3562 hoc
1455 3497 1534 3563 lacit
1560 3518 1647 3582 papa
1674 3499 1825 3580 injuriam

475 3617 631 3694 ecclesiae,
657 3619 735 3701 quia
759 3629 837 3682 tunc
861 3620 893 3681 in
920 3620 979 3683 tali
1006 3640 1084 3684 casu
1112 3618 1169 3682 illa
1195 3619 1283 3682 bona
1309 3639 1374 3682 non
1399 3619 1562 3684 debentur
1587 3619 1651 3684 illis
1677 3619 1827 3703 personis

475 3737 641 3823 (quamvis
666 3740 831 3807 dabantur
860 3739 1007 3822 personis
1033 3740 1097 3804 illis
1126 3740 1160 3803 in
1186 3750 1384 3822 perpetuum
1411 3742 1469 3805 sed
1500 3742 1562 3805 sub
1592 3739 1826 3826 conditione1),

474 3861 502 3924 si
542 3869 692 3944 potestas
731 3862 879 3942 superior
913 3860 971 3924 illa
1009 3881 1075 3924 non
1114 3870 1290 3940 revocaret,
1326 3873 1360 3926 et
1396 3863 1502 3926 eciam
1541 3864 1625 3927 dans
1664 3883 1703 3926 ea
1737 3863 1826 3926 bona

475 4002 541 4046 non
568 3980 734 4048 intellexit
756 3984 846 4064 quod
870 3981 981 4064 aliquo
1003 3993 1153 4063 tempore
1176 3982 1208 4044 in
1231 3991 1429 4064 perpetuum
1451 4003 1600 4065 personae
1623 3982 1715 4066 eujus
1737 3984 1826 4047 bona

473 4101 597 4167 collata
622 4113 724 4181 erant,
751 4102 807 4167 illa
838 4102 958 4168 retrahi
984 4123 1004 4166 a
1031 4102 1147 4185 seipsis
1174 4115 1385 4170 mererentur.
1439 4105 1617 4170 Promissio
1646 4104 1734 4168 enim
1761 4104 1825 4168 Dei

1076 4237 1084 4268 ¹
1103 4239 1131 4287 ln
1145 4254 1222 4303 marg.
