4322 4936
474 377 537 444 206
855 384 953 439 LOCI
979 385 1009 439 Ε
1037 385 1162 440 LIBRO
1197 386 1454 446 VERITATUM.

472 621 648 678 armorum,
665 599 818 666 Powntes
833 601 974 666 nomine.
1019 601 1065 667 Et
1080 601 1151 666 haec
1169 602 1291 684 juravit
1312 625 1384 668 esse
1402 625 1479 670 vera
1499 624 1557 688 per
1580 604 1690 670 Deum
1712 614 1745 668 et
1766 625 1826 688 per

473 744 566 788 arma
587 723 673 806 regis
693 723 850 798 Franciae,
872 722 957 788 inter
978 723 1089 788 villam
1115 725 1158 788 de
1180 723 1285 802 Rone,
1308 735 1387 790 tunc
1412 726 1575 808 perditam
1599 725 1643 790 ab
1663 725 1825 809 Anglicis,

474 852 509 910 et
530 845 642 909 villam
665 852 818 908 vocatam
842 841 962 925 Banys,
984 853 1018 908 et
1040 845 1087 908 sic
1110 845 1198 908 idem
1222 866 1282 910 rex
1306 845 1453 915 Franciae
1475 846 1601 910 habuit.
1646 845 1723 910 Cito
1748 855 1824 929 post

473 966 537 1031 hoc
551 966 668 1030 habuit
683 963 883 1028 Vasconiam
899 973 932 1027 et
948 963 1060 1046 Kyan,
1077 975 1255 1048 postquam
1273 987 1332 1030 rex
1348 965 1492 1050 Angliae,
1509 967 1673 1032 Henricus
1689 967 1824 1045 Sextus,

472 1089 535 1153 luit
557 1097 680 1170 nuptus
699 1087 896 1167 Margaretae
918 1085 994 1150 filiae
1016 1087 1109 1152 ducis
1128 1087 1318 1170 Lotringiae,
1339 1089 1395 1171 qui
1418 1090 1474 1153 diu
1497 1098 1577 1154 ante
1597 1089 1669 1153 illas
1692 1089 1824 1172 nuptias

472 1211 534 1274 luit
556 1210 703 1292 privatus
727 1217 761 1271 et
784 1205 942 1290 expulsus
964 1228 984 1270 a
1006 1227 1108 1291 regno
1128 1207 1259 1274 Ceciliae
1282 1230 1341 1290 per
1364 1210 1489 1273 malum
1512 1231 1623 1293 regern
1642 1209 1823 1294 Aragouiae

471 1330 662 1405 Allonsum,
677 1328 733 1412 qui
756 1329 896 1410 turpiter
915 1328 1034 1392 invasit
1056 1340 1090 1392 et
1111 1329 1198 1393 male
1219 1331 1390 1394 ecclesiam
1411 1332 1609 1395 sanctissimi
1630 1330 1723 1394 Pauli
1742 1351 1823 1413 apo·

471 1452 549 1516 stoli
570 1452 698 1530 Romae,
714 1461 747 1515 et
769 1450 847 1514 lecit
870 1470 944 1514 eam
960 1471 1031 1514 esse
1052 1450 1219 1514 stabulum
1241 1472 1400 1533 equorum
1421 1472 1563 1530 suorum,
1579 1461 1613 1516 et
1633 1451 1719 1515 laesit
1740 1451 1823 1514 mul·

472 1583 544 1638 tum
567 1573 760 1655 columpnas
781 1571 868 1635 illius
888 1571 1035 1636 ecclesiae
1055 1593 1115 1654 pro
1133 1573 1210 1636 odio
1233 1592 1333 1654 quern
1350 1569 1421 1657 (sic)
1436 1571 1552 1636 habuit
1572 1583 1651 1638 tunc
1670 1571 1823 1654 Eugenio

471 1695 543 1777 iiij²⁰
569 1714 666 1777 papae
691 1693 854 1770 Roman0,
880 1693 958 1774 quia
982 1713 1070 1775 papa
1097 1713 1163 1756 non
1185 1689 1289 1756 voluit
1316 1694 1395 1756 dare
1418 1694 1480 1757 sibi
1506 1703 1634 1776 partem
1657 1695 1700 1758 de
1721 1694 1823 1777 patri·

471 1817 583 1880 monio
607 1814 752 1880 ecclesiae
783 1815 816 1876 in
841 1812 1046 1897 Campania3
1074 1823 1107 1877 et
1132 1813 1189 1876 illo
1219 1823 1379 1896 tempore,
1401 1815 1434 1877 in
1461 1815 1598 1878 ecclesia
1623 1814 1680 1878 illa
1706 1813 1821 1880 Sancti

470 1935 573 2015 Pauli,
599 1958 684 2000 unus
711 1934 891 2000 Catelanus
916 1936 1058 1999 cucurrit
1085 1935 1128 1997 ad
1154 1935 1345 2018 ymaginem
1372 1934 1488 2000 Sancti
1511 1933 1603 2000 Pauli
1633 1936 1679 2000 ibi
1710 1936 1742 1998 in
1766 1935 1821 2000 illa

469 2059 615 2134 ecclesia,
641 2068 676 2121 et
702 2059 798 2134 dixit,
822 2055 897 2119 ‘Ad
922 2055 1002 2137 quid
1025 2065 1138 2138 portas
1160 2065 1196 2119 tu
1219 2055 1391 2138 gladium?
1423 2076 1486 2138 ego
1507 2055 1584 2120 volo
1606 2057 1729 2120 habere
1749 2057 1821 2139 gla-

469 2181 561 2244 dium
586 2190 680 2243 tuum
693 2175 711 2256 ;’
735 2188 769 2242 et
796 2177 978 2242 conabatur
1004 2176 1130 2240 auferre
1155 2197 1176 2239 a
1201 2197 1300 2240 manu
1323 2178 1488 2258 ymaginis
1512 2175 1626 2242 Sancti
1652 2176 1754 2256 Pauli,
1776 2187 1818 2252 et,

469 2300 545 2364 Deo
570 2310 648 2364 tunc
679 2307 837 2382 operante
862 2297 896 2360 in
922 2298 1087 2380 ymagine,
1114 2317 1189 2360 cum
1213 2296 1326 2379 gladio
1349 2297 1405 2360 illo
1429 2298 1588 2380 percussit
1610 2307 1711 2380 caput
1733 2297 1819 2378 ejus·

469 2423 546 2484 dem
580 2422 689 2484 miseri
721 2418 872 2482 Catelani
904 2427 937 2482 et
967 2418 1077 2482 divisit
1107 2429 1207 2499 caput
1238 2417 1308 2499 ejus
1341 2418 1374 2482 in
1405 2419 1515 2482 medio
1541 2419 1681 2482 induas
1710 2427 1819 2501 partes

468 2563 573 2624 usque
595 2542 638 2605 ad
661 2551 811 2604 mentum
832 2539 909 2620 ejus
930 2549 963 2602 et
985 2549 1133 2602 mortuus
1154 2539 1199 2601 ibi
1217 2538 1298 2616 luit3
1326 2549 1360 2603 et
1382 2539 1439 2621 qui
1463 2538 1536 2603 haec
1559 2539 1650 2603 novit
1670 2548 1704 2602 et
1725 2539 1818 2614 vidit,

469 2664 500 2724 in
525 2672 677 2744 tempore
704 2660 846 2744 Eugenii
872 2658 937 2740 iiijtl
967 2679 1064 2740 papae
1092 2659 1220 2737 Romae,
1247 2659 1319 2722 haec
1347 2659 1445 2724 michi
1475 2660 1570 2738 dixit,
1597 2681 1642 2724 sc.
1668 2660 1818 2723 bedellus

468 2786 570 2866 ipsius
600 2805 705 2866 papae,
736 2783 889 2846 dominus
920 2779 1079 2843 Erasmus
1110 2779 1229 2854 Fullar,
1256 2780 1299 2843 de
1329 2801 1431 2862 regno
1456 2781 1613 2862 Ungariae
1643 2781 1818 2858 sacerdos;

467 2925 526 2987 pro
551 2925 618 2986 quo
643 2903 801 2967 miraculo
824 2903 935 2966 divino
960 2901 1055 2964 multi
1080 2899 1223 2964 Romani
1246 2902 1408 2965 dederunt
1431 2902 1547 2967 laudes
1570 2903 1645 2966 Deo
1668 2913 1702 2966 et
1724 2923 1818 2966 sanc·

466 3029 594 3091 tissimo
618 3025 729 3103 Paulo,
753 3025 817 3088 Dei
839 3023 1000 3106 apostolo.

552 3147 656 3212 Anno
686 3147 822 3210 Domini
856 3143 947 3226 1456,
978 3145 1109 3208 intravit
1144 3145 1296 3225 pessimae
1328 3145 1495 3208 memoriae
1529 3147 1707 3228 imperator
1733 3144 1817 3209 Tur·

466 3290 589 3347 corum,
618 3266 828 3332 Waldewach
863 3267 1004 3344 nomine,
1035 3267 1067 3328 in
1104 3285 1241 3348 regnum
1274 3265 1431 3349 Ungariae
1464 3287 1523 3349 per
1559 3287 1649 3330 mare
1690 3276 1724 3331 et
1758 3287 1817 3350 per

466 3391 658 3456 Danubium
689 3409 765 3454 cum
795 3398 928 3452 centum
959 3385 1091 3450 milibus
1117 3386 1299 3451 Turcorum
1330 3408 1535 3470 paganorum
1566 3399 1600 3454 et
1629 3388 1815 3470 sexaginta,

465 3525 500 3578 et
526 3515 559 3577 in
585 3513 671 3578 sesto
702 3509 836 3576 Sanctae
861 3510 978 3572 Mariae
1003 3507 1215 3590 Magdalenae
1246 3511 1465 3592 quadraginta
1496 3511 1585 3574 milia
1615 3509 1815 3574 Xtianorum

463 3639 508 3700 de
528 3635 676 3719 Ungaria
698 3633 888 3698 occiderunt
912 3631 956 3694 ibi
979 3631 1012 3693 in
1035 3629 1184 3713 Ungaria
1204 3639 1337 3694 centum
1362 3631 1453 3696 milia
1477 3632 1606 3696 illorum
1622 3631 1814 3708 Turcorum,

464 3767 499 3822 et
529 3757 768 3840 quinquaginta
800 3754 889 3818 milia
919 3754 1108 3831 eorundem,
1137 3751 1249 3834 fugam
1280 3754 1431 3834 capiente
1464 3753 1661 3836 imperatore
1690 3753 1814 3820 Turco-

464 3901 537 3944 rum
571 3901 647 3944 cum
683 3876 882 3942 verecundia
918 3876 952 3938 in
988 3875 1129 3957 patriam
1159 3893 1276 3952 suam;
1312 3875 1476 3957 occisique
1510 3875 1641 3942 suerunt
1675 3877 1718 3941 de
1750 3877 1814 3944 illis

464 4001 607 4076 Xtianis,
638 4002 671 4063 in
705 3997 761 4061 illo
793 3997 857 4061 Dei
887 3995 975 4059 bello
1005 4016 1062 4059 seu
1092 3994 1239 4069 victoria,
1269 3995 1453 4060 octodecim
1484 3997 1575 4061 milia
1604 3998 1747 4062 virorum
1780 3999 1813 4062 in

464 4143 567 4205 regno
586 4119 753 4202 Ungariae.
798 4117 997 4183 Clamabant
1020 4114 1136 4180 Xtiani
1159 4115 1214 4194 illi,
1237 4137 1296 4198 per
1318 4117 1513 4182 instanciam
1536 4119 1647 4182 devoti
1670 4119 1814 4184 doctoris

465 4244 612 4326 magistri
642 4241 803 4323 Johannis
833 4241 875 4303 de
907 4237 1114 4322 Capistran0‚
1143 4238 1266 4302 ordinis
1297 4237 1410 4302 Sancti
1438 4239 1602 4304 Francisci
1633 4240 1674 4302 de
1703 4239 1813 4304 obser·
