4378 4936
494 415 552 462 122
867 405 966 460 LOCI
992 407 1021 460 E
1051 406 1173 460 LIBRO
1208 407 1467 464 VERITATUM.

496 618 585 701 quod
612 622 715 685 sancti
742 621 914 704 pontifices
937 623 1060 686 meritis
1085 623 1152 686 suis
1178 633 1212 687 et
1234 622 1384 706 precibus
1408 634 1595 688 meruerunt
1617 625 1841 710 indulgencias

496 760 517 803 a
538 739 612 803 Deo
635 739 771 805 conferri
795 743 891 806 certis
914 745 1062 824 personis
1085 741 1165 825 (sic).

584 869 617 936 [p.
635 870 707 939 597·]
738 869 970 938 Indulgaueiae
990 871 1114 927 divinae
1133 885 1196 940 par
1214 871 1324 926 Deum
1344 884 1522 928 conoessoe.
1558 845 1687 948 Regula
1710 867 1841 945 ordinis

494 999 539 1043 sc.
566 979 732 1062 religionis
763 981 877 1047 Sancti
902 982 1084 1048 Salvatoris
1111 994 1223 1048 noster
1244 983 1324 1065 Jesu
1350 983 1421 1063 Xti,
1447 985 1605 1049 dictatam
1636 1007 1695 1068 per
1724 987 1839 1062 Xtum‚

494 1119 570 1182 quae
600 1101 663 1166 suit
693 1101 836 1168 revelata
870 1103 978 1167 beatae
1010 1103 1168 1186 Brigittae,
1198 1104 1308 1168 viduae
1337 1124 1376 1168 ac
1406 1105 1608 1187 principissae
1638 1106 1778 1171 Nericiae
1808 1107 1840 1170 in

494 1240 596 1302 regno
613 1220 749 1286 Sueciae.
797 1223 957 1307 Praecepit
973 1224 1061 1288 Xtus
1083 1245 1143 1306 per
1164 1225 1298 1288 beatam
1315 1224 1498 1307 Brigittam,
1521 1225 1661 1288 eandem
1686 1247 1840 1310 sponsam

495 1341 564 1420 Xti,
585 1344 674 1424 quod
697 1344 787 1425 prior
808 1343 924 1408 Petrus
948 1343 1053 1421 Olavi,
1075 1364 1154 1407 suus
1176 1343 1349 1422 consessor,
1372 1344 1495 1407 ordinis
1519 1343 1742 1409 Cistercicnsis
1764 1348 1841 1411 scri-

493 1461 594 1540 beret,
611 1471 644 1527 et
665 1463 698 1526 in
717 1463 773 1528 illa
793 1465 905 1548 regula
926 1476 1059 1529 ostensa
1077 1466 1183 1534 beatae
1202 1465 1351 1547 Brigittae
1370 1465 1403 1528 in
1424 1463 1542 1529 Castro
1557 1465 1705 1544 Wasten
1721 1466 1840 1531 Linco-

494 1583 605 1665 pensis
624 1585 772 1662 diocesis,
789 1585 822 1648 in
843 1605 945 1668 regno
962 1584 1099 1660 Sueciae,
1119 1585 1264 1668 capitulo
1284 1585 1559 1668 quinquagesimo
1578 1585 1648 1668 iiiji⁰
1669 1586 1770 1669 ipsius
1793 1607 1841 1651 re·

490 1704 578 1786 gulae
603 1725 622 1768 a
648 1705 719 1770 Xto
741 1704 894 1769 revelatae
920 1705 967 1768 illi
992 1705 1126 1770 Sanctae
1150 1695 1309 1788 Brigittae2
1332 1706 1421 1788 quod
1444 1705 1541 1787 Jesus
1565 1705 1654 1770 Xtus
1680 1709 1841 1771 concessit

492 1823 538 1887 illi
562 1825 726 1909 religionis
750 1825 865 1891 Sancti
889 1825 1069 1891 Salvatoris
1092 1826 1194 1890 nostri
1213 1826 1292 1907 Jesu
1316 1825 1388 1889 illas
1411 1826 1645 1910 indulgendas,
1667 1848 1741 1909 quae
1764 1838 1841 1892 sunt

492 1945 527 2009 in
545 1945 681 2012 ecclesia
698 1946 816 2010 Romae
832 1946 946 2011 Sancti
964 1947 1051 2010 Petri
1070 1948 1111 2011 ad
1127 1943 1277 2011 Vincula.
1317 1946 1402 2010 Haec
1422 1955 1540 2028 patent
1560 1947 1593 2009 in
1612 1968 1732 2030 magno
1750 1947 1840 2025 libro,

492 2066 546 2130 De
569 2065 694 2132 Sancta
721 2065 862 2150 Brigitta
883 2068 991 2144 vidua,
1013 2068 1069 2149 qui
1099 2077 1150 2132 est
1173 2067 1206 2130 in
1230 2067 1429 2131 monasterio
1453 2065 1548 2151 Syon
1575 2069 1608 2130 in
1630 2067 1764 2151 Anglia,
1786 2089 1840 2132 co-

491 2187 605 2251 lumna
625 2188 713 2251 illius
730 2187 803 2251 libri
820 2187 905 2262 662⁸,
923 2189 978 2271 qui
1001 2188 1084 2252 liber
1103 2190 1250 2252 continet
1270 2187 1489 2252 revelaciones
1509 2188 1646 2264 divinas,
1668 2189 1701 2251 in
1723 2200 1839 2252 novem

489 2307 590 2387 libris,
614 2318 765 2372 ostensas
785 2309 893 2373 beatae
917 2309 1075 2391 Brigittae,
1099 2317 1133 2372 et
1154 2308 1219 2372 alia
1241 2328 1351 2390 opera,
1375 2317 1408 2372 et
1435 2307 1554 2371 librum
1576 2309 1839 2384 attestacionum,

492 2449 537 2492 sc.
556 2430 802 2510 probacionum,
817 2450 892 2512 quae
918 2429 1036 2492 Romae
1061 2429 1186 2492 fiebant
1212 2448 1272 2510 per
1298 2428 1419 2492 multas
1444 2448 1602 2511 personas
1624 2429 1691 2493 fide
1713 2429 1839 2511 dignas,

493 2549 537 2612 de
557 2550 705 2631 ejusdem
724 2559 839 2618 sancta
857 2552 924 2614 vita
944 2559 977 2614 et
999 2547 1163 2613 miraculis
1183 2550 1340 2631 plurimis,
1357 2569 1467 2613 coram
1488 2549 1584 2632 papis
1604 2548 1763 2632 Gregorio
1778 2549 1838 2631 xj⁰,

494 2669 633 2734 Urbano
655 2671 711 2748 vi0,
736 2681 769 2734 ct
799 2669 968 2735 Bonisacio
991 2671 1049 2748 ix⁰,
1081 2671 1136 2753 qui
1168 2691 1241 2734 eam
1272 2671 1485 2745 canonizavit,
1512 2669 1687 2753 praehibita
1720 2670 1840 2752 proba-

493 2793 588 2855 cione
618 2790 731 2855 debita
761 2811 872 2855 coram
903 2792 1028 2855 eisdem
1058 2791 1162 2855 tribus
1197 2792 1301 2873 papis,
1332 2810 1391 2873 per
1420 2791 1651 2872 imperatorem
1676 2789 1839 2855 Karolum

491 2911 596 2992 iiijllm,
621 2922 655 2976 et
681 2933 739 2995 per
764 2933 858 2995 reges
884 2922 918 2977 et
945 2913 1081 2995 reginas,
1105 2921 1138 2975 et
1164 2932 1223 2994 per
1249 2910 1359 2994 plures
1384 2911 1538 2975 dominos
1562 2921 1595 2976 et
1620 2911 1781 2988 dominas,
1806 2921 1840 2974 et

492 3054 551 3116 per
584 3031 773 3115 juramenta
806 3035 946 3098 duorum
980 3032 1203 3098 confessorum
1233 3033 1341 3095 beatae
1372 3031 1531 3114 Brigittae,
1562 3031 1713 3114 Magistri
1751 3030 1839 3094 Petri

493 3154 599 3232 Olavi,
624 3165 657 3218 et
683 3155 798 3238 prioris
825 3154 913 3218 Petri
940 3154 1035 3219 Olavi
1058 3154 1181 3218 ordinis
1208 3151 1443 3228 Cisterciencis,
1469 3153 1534 3234 qui,
1563 3151 1625 3215 sub
1652 3151 1839 3233 juramento

493 3276 649 3357 praestit0,
678 3276 781 3338 vitam
814 3273 962 3357 ejusdem
993 3275 1099 3338 beatae
1130 3274 1279 3356 Brigittae
1317 3274 1523 3355 scripserunt,
1554 3281 1587 3335 et
1625 3271 1839 3354 probaciones

493 3396 590 3460 iactae
606 3405 729 3460 sanctae
745 3398 821 3459 vitae
838 3396 907 3478 ejus
923 3407 957 3460 et
973 3394 1203 3458 miraculorum
1218 3394 1416 3456 duraverunt
1431 3413 1451 3456 a
1468 3401 1573 3456 morte
1588 3413 1656 3466 sua,
1673 3393 1788 3456 decem
1804 3399 1838 3454 et

492 3528 569 3582 octo
591 3519 693 3594 annis,
711 3528 889 3600 antequam
911 3516 971 3580 luit
992 3516 1185 3580 canonizata
1212 3535 1270 3596 per
1290 3533 1412 3596 papam
1430 3512 1633 3576 Bonisacium
1650 3513 1732 3591 ixlffl,
1750 3531 1838 3574 anno

491 3639 638 3702 secundo
660 3639 709 3701 sui
736 3648 886 3721 papatus,
908 3647 942 3701 et
968 3637 1102 3701 nomina
1129 3655 1251 3712 eorum,
1273 3635 1328 3717 qui
1355 3633 1541 3716 probabant
1565 3632 1656 3696 illam
1678 3631 1837 3697 Sanctam

490 3759 667 3841 Brigittam
690 3760 790 3842 digne
813 3768 846 3823 et
869 3781 913 3822 ex
940 3759 1063 3822 meritis
1086 3759 1154 3820 suis
1177 3776 1249 3820 esse
1273 3755 1542 3831 canonizandam,
1558 3763 1674 3836 patent
1698 3754 1731 3815 in
1754 3751 1837 3814 libro

489 3880 753 3958 attestacionum,
787 3882 806 3945 i.
823 3903 848 3944 e.
872 3879 1119 3962 probacionum,
1150 3897 1223 3959 quae
1257 3875 1382 3939 fiebant
1412 3893 1522 3940 coram
1552 3875 1646 3957 papis
1677 3872 1837 3935 Romanis

491 3999 650 4082 Gregorio
675 3999 734 4081 xj0,
761 4001 897 4066 Urbano
924 4010 1030 4075 sexto,
1057 4009 1090 4062 et
1117 3996 1287 4061 Bonisacio
1311 3997 1369 4073 ix0,
1392 4015 1452 4078 pro
1481 3993 1732 4060 canonizacione
1758 4001 1837 4056 tunc

488 4119 597 4185 fienda
631 4120 762 4185 Sanctae
791 4121 941 4203 Brigittae
971 4121 1079 4185 viduae
1114 4139 1152 4183 ae
1188 4117 1356 4199 quondam
1394 4116 1596 4199 principissae
1626 4113 1766 4180 Nericiae
1804 4112 1836 4175 in

489 4257 590 4324 regno
615 4241 750 4305 Sueciae.
