4378 4936
733 411 831 466 LOCI
858 411 887 464 E
916 410 1041 464 LIBRO
1077 407 1333 462 VERITATUM.
1652 411 1711 474 149

356 636 393 690 et
425 627 535 708 plures
569 625 698 687 animas
732 624 834 687 verbo
867 633 900 686 et
936 623 1093 706 exemplo
1126 622 1214 684 bono
1251 621 1325 683 Deo
1359 616 1580 700 adquirerent,
1611 636 1712 697 quam

358 767 474 811 omnes
497 745 555 820 illi,
571 754 604 808 et
625 745 800 808 verisimile
821 755 880 823 est,
896 744 1018 826 quibus
1040 743 1178 807 ecclesia
1201 742 1258 806 illa
1280 739 1531 823 appropriatur;
1558 749 1593 803 et
1609 739 1713 802 eciam

320 843 324 850 ¹
360 869 387 930 si
414 877 522 931 rector
544 866 630 930 bene
657 866 689 928 in
717 886 795 930 cura
817 887 877 930 sua
901 865 1065 942 resideret,
1088 875 1121 928 et
1146 864 1235 931 bona
1258 873 1389 927 terrena
1416 881 1545 944 magnae
1568 859 1714 924 ecclesiae

361 999 450 1052 recte
472 990 687 1070 expenderet,
702 999 782 1052 tunc
804 986 931 1070 majora
953 987 1041 1050 bona
1064 997 1097 1050 et
1120 985 1215 1068 plura
1237 985 1353 1048 fierent
1374 984 1406 1046 in
1431 983 1521 1046 mille
1540 982 1715 1045 animabus

360 1129 495 1173 suorum
531 1107 803 1190 parochianorum
840 1128 899 1190 per
937 1108 1085 1182 verbum,
1123 1105 1326 1188 exemplum,
1362 1115 1395 1169 et
1435 1125 1494 1187 per
1532 1101 1714 1167 subsidium

361 1231 475 1305 curati,
497 1251 597 1313 quam
622 1231 798 1294 verisimile
822 1241 873 1293 est
894 1231 985 1312 quod
1005 1229 1088 1292 fiunt
1114 1228 1166 1292 vel
1188 1228 1269 1292 fient
1293 1228 1325 1290 in
1348 1225 1420 1305 illis,
1436 1226 1556 1308 quibus
1578 1224 1715 1288 ecclesia

360 1361 413 1415 est
438 1351 670 1434 appropriata?
717 1352 813 1426 Item,
837 1351 917 1416 talia
940 1350 1010 1414 lieri
1034 1351 1118 1413 inter
1140 1349 1358 1431 parochianos
1384 1357 1434 1410 est
1460 1367 1543 1430 opus
1565 1345 1715 1409 debitum

362 1482 395 1536 et
418 1473 465 1536 eis
488 1473 576 1548 utile,
597 1475 674 1555 quia
697 1493 762 1536 non
786 1473 892 1536 solum
916 1472 953 1536 fit
976 1482 1055 1540 tunc
1078 1471 1202 1534 bonum
1226 1490 1286 1552 pro
1309 1470 1365 1545 eis,
1387 1470 1445 1532 sed
1469 1469 1525 1546 eis,
1548 1476 1583 1531 et
1604 1485 1716 1529 coram

361 1593 419 1668 eis,
450 1613 509 1675 per
541 1604 690 1658 curatum
729 1614 835 1671 suum,
864 1613 924 1676 per
953 1613 1052 1675 quem
1083 1591 1309 1660 accenduntur
1338 1591 1381 1654 ad
1412 1589 1536 1653 bonum
1566 1587 1717 1652 fiundum

361 1714 463 1777 verbo
488 1726 523 1778 et
547 1715 714 1797 exemplo.
761 1715 856 1790 ltem,
880 1713 1070 1796 parochiani
1094 1713 1176 1776 dant
1199 1712 1344 1775 decimas
1367 1731 1444 1774 suas
1466 1721 1500 1774 et
1522 1709 1717 1785 oblationes,

364 1844 401 1896 ut
431 1833 519 1900 bona
549 1855 651 1916 opera
680 1835 863 1918 spiritualia
893 1844 927 1897 et
957 1834 1140 1897 necessaria
1172 1852 1284 1896 eorum
1315 1832 1412 1896 saluti
1443 1832 1568 1906 fierent,
1598 1830 1656 1901 eis,
1684 1839 1717 1892 et

363 1973 423 2035 pro
450 1954 505 2031 eis,
531 1973 591 2035 per
616 1965 775 2032 curatum,
800 1955 857 2036 qui
888 1975 945 2018 eas
975 1955 1099 2036 recipit,
1126 1963 1159 2017 et
1190 1953 1236 2017 sic
1263 1954 1367 2017 curati
1397 1952 1522 2017 habent
1549 1951 1634 2016 tales
1661 1951 1718 2014 de·

364 2075 466 2138 cimas
496 2096 541 2147 ex
569 2075 684 2139 debito
714 2075 798 2157 legis
828 2085 861 2138 et
892 2097 936 2139 ex
968 2075 1156 2138 intencione
1183 2073 1257 2149 Dei,
1280 2075 1338 2156 qui
1368 2095 1423 2136 eas
1453 2094 1513 2156 pro
1540 2072 1597 2136 tali
1629 2070 1717 2135 sacto

364 2194 434 2264 dari
470 2196 629 2277 praecipit.
689 2196 759 2258 Alii
794 2206 916 2272 autem,
951 2196 1070 2278 quibus
1105 2195 1244 2259 decimae
1283 2195 1428 2258 ecclesiae
1465 2194 1719 2277 appropriantur

364 2325 461 2378 extra
497 2316 697 2406 parochiam,
728 2316 854 2381 habent
891 2317 964 2380 illas
1000 2317 1145 2384 decimas
1179 2337 1223 2378 ex
1256 2315 1391 2379 licencia
1423 2335 1528 2397 papae,
1558 2325 1718 2396 tanquam

364 2455 527 2518 pauperes
559 2434 778 2510 elemosinarii
811 2436 941 2500 illorum
977 2436 1260 2518 parochianorum.
1321 2435 1390 2500 Sed
1425 2436 1546 2513 videte,
1576 2455 1617 2498 ne
1646 2434 1718 2498 haec

365 2554 500 2619 licencia
526 2566 635 2620 vestra
661 2557 897 2622 offendiculum
925 2568 958 2621 et
984 2566 1219 2620 nocumentum
1243 2556 1302 2619 fiat
1328 2555 1465 2620 infirmis
1489 2556 1662 2620 animabus
1685 2566 1719 2619 et

366 2675 581 2759 parochianis.
627 2677 657 2741 O
690 2679 836 2742 Domine
868 2678 977 2742 Deus!
1014 2677 1134 2745 inclina
1164 2697 1220 2741 cor
1250 2698 1356 2760 papae,
1385 2677 1495 2741 vicarii
1526 2677 1582 2751 tui,
1614 2697 1719 2740 reme·

366 2797 457 2866 diare
487 2796 575 2861 mala
600 2819 675 2881 quae
705 2799 899 2882 perveniunt
929 2818 988 2881 per
1016 2798 1322 2881 appropriacionem
1350 2797 1570 2876 ecclesiarum,
1597 2807 1631 2862 et
1661 2817 1721 2880 per

367 2937 434 2980 non
465 2919 679 2990 residenciam
709 2921 872 2986 bonorum
902 2929 1090 2984 curatorum
1121 2919 1154 2990 in
1185 2891 1320 2986 eisdem.
1375 2919 1452 3000 Jam
1483 2919 1571 2982 enim
1601 2939 1720 3002 appro-

367 3038 507 3120 pinquat
522 3049 655 3122 tempus
671 3039 703 3102 in
719 3039 845 3122 Anglia
859 3061 927 3122 quo
942 3040 1078 3116 dicetur,
1093 3039 1203 3104 ‘Olim
1218 3039 1350 3103 luerunt
1371 3050 1514 3104 rectores
1535 3041 1568 3102 in
1583 3038 1720 3123 Anglia,

368 3170 403 3222 et
426 3157 497 3240 jam
524 3169 601 3232 sunt
628 3159 774 3225 ecclesiae
801 3160 950 3239 ruinosae,
975 3161 1063 3224 unde
1084 3161 1144 3223 viri
1171 3161 1308 3230 litterati
1331 3181 1397 3224 non
1420 3170 1559 3243 possunt
1581 3160 1720 3224 honeste

369 3279 479 3342 vivere
500 3290 533 3343 et
548 3281 631 3344 alios
647 3281 824 3344 exhibere!
869 3281 900 3346 O
918 3281 1028 3346 Deus!
1052 3282 1190 3346 benedic
1206 3282 1378 3346 dominum
1395 3281 1561 3345 Thomam
1579 3279 1721 3362 Cumyr-

369 3400 483 3478 wurth,
508 3402 646 3464 militem
671 3402 909 3466 Lincolniensis
931 3403 1109 3481 dioceseos,
1132 3403 1198 3485 qui,
1221 3423 1280 3484 pro
1302 3423 1415 3466 amore
1437 3413 1494 3465 tuo
1522 3413 1556 3464 et
1579 3402 1722 3465 utilitate

369 3521 561 3596 animarum,
590 3523 683 3586 dedit
713 3535 817 3588 terras
850 3534 883 3587 et
915 3534 1105 3595 tenementa
1131 3523 1269 3586 diversis
1301 3522 1448 3588 ecclesiis
1473 3521 1722 3604 parochialibus

369 3662 445 3724 quae
475 3643 707 3714 insufficientes
736 3644 868 3708 suerunt
898 3645 940 3708 ad
972 3643 1153 3707 necessaria
1184 3644 1296 3722 curati,
1326 3653 1363 3710 ut
1393 3644 1495 3714 curati
1529 3644 1562 3705 in
1597 3643 1722 3706 eisdem

367 3761 438 3844 jam
468 3763 577 3832 vivere
607 3775 836 3845 competenter
867 3773 1013 3846 possent.
1062 3763 1093 3828 Ο
1125 3785 1226 3845 quam
1259 3765 1412 3828 meritum
1444 3785 1539 3847 papae
1570 3773 1666 3842 esset,
1696 3765 1722 3826 si

371 3881 537 3965 superflua
560 3881 702 3966 plurium
726 3885 873 3948 locorum
901 3895 934 3949 et
961 3887 1169 3948 mitratorum
1192 3884 1314 3948 laceret
1342 3886 1424 3948 uniri
1448 3885 1627 3948 rectoribus
1653 3885 1723 3948 ani·

372 4024 500 4066 marum
527 4003 664 4080 devotis,
690 4015 723 4069 et
751 4027 808 4070 eos
834 4007 996 4088 obligaret
1020 4006 1063 4069 ad
1091 4007 1239 4070 debitam
1266 4017 1299 4070 et
1329 4006 1373 4070 ad
1404 4007 1621 4070 necessariam
1647 4005 1724 4068 resi·

371 4125 523 4190 denciam
554 4126 586 4188 in
617 4147 694 4190 cura
723 4147 791 4206 sua,
816 4128 878 4190 sub
910 4147 1030 4210 magna
1060 4135 1178 4209 poenal
1225 4127 1407 4190 ‘Dominus
1438 4129 1526 4191 enim
1556 4126 1725 4191 transtulit

372 4265 509 4328 regnum
536 4248 577 4310 de
609 4244 727 4325 manu,’
753 4247 810 4310 ie.
839 4249 881 4311 de
912 4248 1121 4330 proprietate,
1151 4247 1287 4324 'Saulis
1314 4259 1347 4316 et
1374 4250 1466 4318 dedit
1493 4248 1585 4318 illum
1614 4247 1723 4312 David
