4322 4936
698 395 797 448 LOCI
824 396 853 448 E
881 394 1007 449 LIBRO
1042 393 1299 452 VERITATILlI.
1617 402 1674 467 191

324 607 413 668 eninr
443 607 590 690 episcopi
628 607 784 672 favebant
817 608 1006 690 Reginaldo
1039 607 1158 684 Pecoli,
1190 607 1347 691 episcopo
1377 617 1457 672 tunc
1487 605 1677 682 Assevensi,

325 727 458 806 dicenti,
487 729 577 810 quod
612 728 758 811 episcopi
791 749 858 792 non
887 738 1077 794 tenerentur
1110 729 1301 813 praedicare,
1330 749 1370 792 eo
1407 729 1497 810 quod
1533 727 1679 810 episcopi

326 856 412 926 sunt,
439 868 499 912 nec
530 850 593 931 ipsi
623 858 762 933 peccant
791 849 825 912 in
855 850 967 914 dando
997 859 1153 929 annuata,
1180 850 1242 913 i.e.
1265 850 1389 932 primos
1418 848 1549 926 fructus,
1572 869 1679 932 papae,

325 979 507 1051 antequam
533 969 618 1034 fiunt
646 971 802 1054 episcopi,
827 991 893 1034 non
920 971 1014 1035 stetit
1039 970 1164 1054 Anglia
1194 971 1228 1034 in
1258 991 1348 1053 pace,
1374 970 1434 1034 sed
1465 990 1545 1033 mox
1575 969 1680 1032 insur-

327 1099 486 1154 rexerunt
509 1090 641 1173 plurimi
667 1091 700 1154 in
727 1091 862 1173 Anglia‚
888 1092 1070 1174 spoliantes
1096 1101 1131 1155 et
1156 1091 1345 1156 occidentes
1370 1091 1525 1166 diversos,
1549 1099 1584 1154 et
1605 1110 1681 1172 pes·

328 1211 412 1273 sime
449 1211 623 1293 loquentes
666 1212 708 1275 de
748 1211 978 1276 ecclesiasticis
1014 1211 1214 1289 hominibus,
1252 1212 1307 1294 qui
1350 1213 1465 1276 vivunt
1501 1213 1544 1275 de
1585 1210 1680 1274 bonis

328 1330 483 1410 ecclesiae,
510 1341 544 1395 et
567 1332 671 1396 eciam
696 1333 739 1396 de
764 1333 873 1396 officio
899 1333 1010 1414 aliquo
1035 1352 1158 1414 magno
1182 1353 1257 1396 curn
1281 1333 1392 1415 aliquo
1417 1332 1563 1410 domino,
1589 1332 1679 1415 quod

326 1451 464 1516 habenti
490 1453 655 1518 sufficeret
683 1453 727 1517 ad
753 1455 857 1518 vitam
886 1453 1061 1517 honestam
1090 1455 1354 1518 sustentandam.
1400 1453 1496 1531 Item,
1523 1453 1682 1517 dixerunt

328 1573 535 1656 insurgentes
561 1584 640 1639 tunc
663 1575 696 1638 in
718 1574 853 1658 Anglia,
877 1577 968 1657 quod
994 1575 1165 1658 pluralitas
1192 1574 1411 1655 ecclesiarum,
1435 1584 1468 1638 et
1490 1573 1682 1658 appropria·

327 1694 440 1758 ciones
466 1694 678 1759 ecclesiarum
703 1696 942 1779 parochialium
969 1696 1176 1760 monasteriis
1202 1705 1237 1760 et
1263 1695 1409 1759 ecclesiis
1430 1695 1621 1778 collegiatis,
1648 1703 1683 1760 et

330 1835 397 1878 non
419 1816 600 1880 residentia
622 1815 835 1898 praelatorum
856 1826 893 1880 et
916 1826 1079 1881 rectorum
1102 1817 1136 1880 in
1158 1817 1225 1880 suis
1248 1817 1342 1895 curis,
1366 1825 1400 1880 et
1421 1816 1557 1899 indigna
1577 1815 1681 1881 malo·

332 1955 404 1997 rum
421 1945 454 2000 et
472 1936 631 2018 juvenum
654 1937 687 1999 in
707 1937 844 2001 ecclesia
866 1939 1044 2021 promocio,
1064 1959 1149 2021 quos
1172 1959 1235 2021 ego
1255 1939 1329 2001 novi
1351 1935 1422 2019 jam
1445 1936 1570 2001 nescire
1591 1937 1681 2020 loqui

331 2056 499 2135 Latinum,
515 2078 574 2122 nec
597 2058 731 2140 propria
751 2059 839 2122 bona
861 2059 1030 2141 recipiunt,
1046 2060 1105 2122 sed
1126 2059 1209 2122 servi
1226 2079 1339 2121 eorum
1360 2057 1449 2122 bona
1470 2076 1583 2122 eorum
1602 2057 1682 2122 reci-

330 2179 436 2260 piunt,
450 2189 484 2242 et
500 2179 715 2262 expendunt3
737 2178 809 2244 haec
833 2179 922 2244 mala
942 2189 976 2244 et
994 2179 1202 2262 proclamant
1222 2199 1338 2244 omnes
1359 2179 1498 2243 famosi:
1525 2179 1683 2244 ‘Destru-

333 2308 393 2362 unt
412 2299 538 2362 bonum
559 2301 704 2382 regimen
728 2300 875 2364 ecclesiae
899 2310 933 2366 et
956 2301 1162 2365 animarum!
1205 2300 1351 2382 Jacobus
1372 2299 1460 2364 enirn
1480 2299 1603 2382 Fynys
1626 2300 1682 2383 qui

331 2429 469 2483 vocatus
498 2419 560 2484 luit
589 2421 743 2484 dominus
769 2421 812 2484 de
842 2420 922 2504 Say,
953 2441 1019 2485 una
1048 2441 1123 2487 curn
1153 2421 1225 2485 aliis
1255 2421 1404 2503 personis
1438 2420 1523 2485 circa
1555 2420 1683 2504 Regem

331 2540 518 2604 Henricum
546 2540 700 2614 Sextum,
725 2562 792 2604 non
818 2543 1057 2624 permittebant
1080 2541 1226 2624 aliquem
1249 2542 1428 2624 praedicare
1454 2561 1566 2605 coram
1595 2563 1682 2625 rege,

333 2662 395 2725 nisi
425 2663 515 2745 prius
545 2662 607 2744 ipsi
635 2663 789 2726 viderunt
824 2663 916 2726 illurn
946 2683 1134 2728 sermonem
1163 2665 1330 2745 scriptum,
1359 2661 1412 2726 vel
1441 2663 1532 2746 prius
1558 2661 1683 2745 juraret

332 2784 386 2847 vel
411 2784 620 2865 promitteret
643 2786 889 2865 praedicaturus,
915 2786 1006 2867 quod
1032 2805 1098 2848 non
1124 2785 1318 2867 praedicaret
1348 2793 1463 2849 contra
1491 2784 1684 2849 assistentes

334 2906 411 2987 regi,
441 2926 502 2968 nec
531 2915 645 2969 contra
674 2905 762 2970 lacta
791 2907 885 2988 regis,
916 2927 976 2970 nec
1006 2915 1121 2970 contra
1151 2905 1239 2970 sacta
1269 2907 1319 2968 sui
1350 2905 1468 2987 privati
1497 2903 1549 2968 vel
1576 2905 1683 2969 verius

335 3026 426 3108 pravi
456 3027 606 3105 concilii3
636 3037 671 3091 et
700 3028 747 3091 sic
779 3028 916 3090 verbum
948 3028 1011 3090 Dei
1043 3027 1161 3110 injuste
1192 3037 1226 3091 et
1258 3027 1378 3109 inique,
1409 3047 1484 3090 curn
1514 3025 1587 3089 aliis
1616 3027 1684 3090 suis

335 3147 526 3226 fautoribus,
555 3149 712 3230 alligavit,
743 3169 786 3212 ne
819 3149 927 3213 exiret
961 3150 993 3212 in
1024 3149 1194 3232 puplicum
1221 3149 1345 3213 bonum
1375 3157 1409 3212 et
1438 3149 1612 3225 debitum;
1650 3157 1684 3212 et

332 3269 402 3352 jam
430 3269 574 3352 episcopi
601 3290 668 3333 non
694 3271 877 3352 praedicant
901 3269 1058 3334 vocaliter
1078 3280 1112 3334 et
1134 3262 1378 3353 exemplariter,
1402 3271 1461 3334 sed
1485 3269 1578 3332 Deus
1600 3289 1684 3352 prae·

336 3391 425 3454 dicat
448 3389 580 3456 realiter
601 3391 772 3455 inferendo
794 3392 841 3455 eis
864 3401 897 3455 et
920 3392 993 3454 aliis
1015 3392 1244 3474 peccatoribus
1266 3411 1388 3473 magna
1411 3389 1565 3472 poenalia.

424 3521 462 3588 [p.
479 3520 549 3587 511]
590 3511 708 3594 Aliqui
734 3511 852 3589 sciunt,
874 3521 908 3575 et
932 3521 1079 3595 possunt,
1105 3522 1139 3576 et
1159 3513 1283 3576 debent
1305 3511 1493 3595 praedicare,
1516 3521 1549 3574 et
1571 3517 1685 3574 tamen

337 3653 405 3696 non
427 3633 631 3716 praedicant3
659 3642 693 3695 et
716 3653 850 3696 causam
873 3633 1016 3696 reddunt
1038 3633 1207 3698 dicentes:
1230 3633 1384 3698 ‘Frustra
1406 3632 1542 3714 corrigo,
1565 3629 1685 3696 frustra

337 3755 491 3836 praedico,
518 3755 595 3836 quia
617 3753 755 3817 audiens
781 3773 848 3816 non
872 3753 995 3831 obedit,
1019 3773 1078 3816 nec
1107 3755 1252 3837 seipsum
1282 3753 1422 3836 corrigit,
1450 3761 1484 3816 et
1514 3752 1589 3816 ideo
1619 3771 1684 3816 non

339 3875 491 3956 praedico,
514 3875 592 3956 quia
613 3873 764 3952 fructum,
787 3893 887 3956 quern
909 3874 1124 3953 intenderem,
1148 3895 1214 3938 non
1237 3873 1390 3957 percipio,
1408 3882 1441 3937 et
1463 3873 1510 3936 sic
1532 3872 1685 3956 praedic0,

338 3995 430 4077 quod
459 3996 611 4076 praedico,
636 4005 669 4058 et
699 3995 788 4076 quod
812 3991 906 4058 dico!
949 3994 1051 4058 Tales
1077 3995 1165 4058 enim
1189 3995 1236 4060 sic
1266 3995 1413 4058 dicentes
1442 3993 1686 4059 considerarent

339 4115 429 4198 quod
469 4115 619 4178 nesciunt
655 4124 764 4178 utrum
801 4115 938 4178 audiens
973 4115 1111 4179 verbum
1153 4115 1294 4179 fructum
1334 4113 1425 4178 verbi
1465 4113 1599 4196 recipiet
1643 4133 1686 4178 an

342 4257 430 4315 non;
466 4237 556 4302 dicat
583 4257 661 4320 ergo
687 4236 884 4320 praedicator
907 4236 997 4319 quod
1026 4237 1118 4300 Deus
1145 4237 1250 4319 ipsum
1281 4235 1391 4318 posuit
1422 4244 1628 4318 erogatorem
1654 4243 1689 4298 et
