4338 4936
482 397 521 440 10
855 385 954 440 LOCJ
979 384 1009 438 E
1038 384 1162 438 LIBRO
1198 384 1454 438 VERITATUM.

484 599 629 662 Boemiae
650 598 851 664 defendebat
872 598 1048 682 praedictos
1063 599 1148 662 duos
1170 597 1332 662 hereticos
1349 596 1525 660 Bohemios
1545 606 1577 660 et
1597 595 1644 660 eis
1664 595 1834 659 adhaeren-

482 729 542 794 tes,
558 728 591 783 et
615 719 719 783 eciam
741 718 865 782 malum
888 720 1080 803 magistrum
1103 719 1227 782 arcium
1253 717 1397 782 Oxoniae
1421 719 1555 783 Petrum
1571 715 1762 799 Anglicum,
1778 715 1839 804 qui

484 840 640 923 portabat
652 840 751 903 libros
764 839 887 904 multos
898 841 1047 924 praedicti
1060 839 1226 922 Wyclyflc
1238 838 1384 904 haeretici
1400 840 1442 904 de
1454 838 1579 922 Anglia
1595 839 1628 901 in
1644 838 1785 920 Pragam
1801 837 1835 899 in

485 980 621 1043 regnum
639 959 817 1040 Bohemiae,
830 961 885 1044 qui
901 960 1017 1025 Petrus
1033 960 1094 1025 suit
1110 959 1196 1024 filius
1211 961 1307 1024 unius
1323 961 1351 1024 F
1353 961 1526 1044 rancigeni,
1540 960 1598 1024 sed
1615 969 1710 1023 natus
1725 957 1786 1021 luit
1802 957 1835 1020 in

483 1081 561 1147 villa
575 1079 710 1164 Angliae
729 1101 805 1164 quae
825 1090 961 1146 vocatur
978 1081 1081 1164 Hogh
1099 1081 1199 1164 juxta
1213 1081 1325 1146 villam
1345 1090 1497 1146 vocatam
1514 1079 1709 1155 Grantham,
1725 1087 1759 1143 et
1778 1098 1839 1145 vo·,

484 1201 571 1265 cavit
589 1222 625 1266 se
645 1201 753 1284 ipsum
770 1201 904 1266 Petrum
922 1200 1095 1279 Clericum,
1112 1201 1263 1285 Anglice,
1281 1201 1391 1267 Clark.
1438 1203 1484 1266 Et
1503 1201 1651 1285 praedicti
1667 1199 1837 1282 Johannes

486 1319 579 1384 Huss
595 1330 629 1385 et
643 1321 830 1403 Jeronimus
845 1323 889 1386 de
904 1323 1010 1404 Praga
1025 1321 1156 1412 fuerunt
1177 1323 1342 1388 combusti
1361 1333 1398 1387 ut
1415 1321 1562 1387 haeretici
1582 1322 1615 1384 in
1637 1318 1838 1384 Constancia

484 1451 636 1525 tempore
659 1441 785 1507 consilii
810 1441 1086 1516 Constanciensis,
1111 1452 1148 1508 ut
1171 1445 1258 1508 dixit
1282 1443 1362 1507 mihi
1385 1443 1512 1508 doctori
1540 1441 1715 1525 Gascoyne
1740 1440 1837 1503 bonae

485 1562 654 1626 memoriae
676 1563 848 1648 episcopus
867 1563 1037 1647 quondam
1063 1563 1296 1629 Hersordensis
1315 1563 1469 1628 dominus
1486 1563 1634 1627 Thomas
1659 1559 1838 1646 Spofforth,

485 1683 635 1766 sepultus
656 1683 807 1762 Eboraci,
823 1684 879 1766 qui
899 1683 962 1748 hoc
980 1684 1063 1748 vidit
1087 1682 1296 1749 Constanciae
1318 1683 1350 1747 in
1372 1693 1522 1767 tempore
1541 1683 1690 1767 praedicti
1710 1679 1837 1746 concilii

485 1803 648 1888 generalis
671 1803 890 1868 Constanciae.
938 1803 983 1869 Et
1008 1805 1186 1887 praedictus
1211 1805 1389 1888 imperator
1411 1803 1604 1892 Turcorum,
1627 1799 1842 1866 Waldewach·

487 1924 629 2003 nomine,
643 1923 728 1987 iilius
743 1925 920 1988 bastardus
937 1922 1086 1990 Cassiani
1103 1925 1315 2008 Imperatoris
1330 1924 1522 2002 Turcorum,
1539 1925 1657 1988 invasit
1673 1932 1707 1987 et
1722 1922 1838 2004 adqui-

487 2044 562 2108 sivit
585 2045 646 2108 sibi
668 2053 702 2110 et
720 2045 837 2110 Turcis
859 2047 1025 2110 civitatem
1051 2045 1384 2128 Constantinopolim,
1407 2055 1440 2110 et
1462 2046 1583 2110 occidit
1606 2045 1842 2128 imperatorem¹

486 2164 694 2232 orientalium
722 2165 931 2240 Xtianorum,
959 2175 993 2230 et
1018 2185 1106 2248 papa
1134 2165 1288 2230 Calixtus
1315 2167 1434 2230 tercius
1460 2176 1557 2230 vocat
1583 2186 1659 2228 eum
1687 2165 1720 2227 in
1748 2161 1841 2226 bulla

487 2305 548 2350 sua
574 2285 674 2349 missa
703 2285 737 2349 in
762 2283 922 2368 Angliam
952 2305 1039 2350 anno
1070 2285 1130 2349 Xti
1161 2285 1258 2366 14560
1283 2286 1423 2350 alterum
1453 2286 1687 2362 Macometum,
1715 2294 1748 2348 et
1779 2284 1841 2348 iste

488 2405 667 2489 imperator
684 2407 867 2471 Turcorum
889 2407 935 2471 sic
958 2407 1086 2489 scripsit
1107 2407 1140 2470 in
1161 2407 1291 2490 scriptis
1311 2407 1377 2472 suis
1398 2409 1461 2472 isto
1481 2407 1577 2472 stilo:
1601 2403 1839 2482 ‘Waldewach,

487 2527 597 2610 gracia
629 2527 807 2592 Macometi
836 2529 1016 2611 imperator
1044 2527 1236 2608 Turcorum,
1260 2529 1484 2605 Tartarorum,
1511 2540 1544 2594 et
1576 2528 1776 2606 Graecorum,
1807 2535 1842 2590 et

488 2647 638 2711 inimicus
664 2647 812 2711 omnium
840 2647 1058 2728 Xtianorum,’
1081 2659 1115 2713 et
1142 2647 1242 2712 irater
1271 2648 1342 2731 ejus
1373 2671 1416 2713 ex
1447 2659 1540 2733 parte
1570 2650 1673 2733 patris
1700 2648 1749 2712 sui
1780 2648 1841 2710 im-

489 2767 649 2850 peratoris
665 2767 856 2848 Turcorum,
875 2769 979 2834 haeres
994 2769 1187 2848 Tuscorum,
1203 2779 1320 2852 captus
1340 2769 1401 2834 luit
1420 2791 1481 2852 per
1493 2747 1650 2848 Venetos,
1666 2781 1700 2834 et
1723 2769 1841 2833 Romae

490 2888 649 2952 mandato
676 2887 776 2972 Papae
804 2889 919 2956 Calisti
945 2889 984 2974 3¹¹
1008 2891 1195 2975 baptizatus
1224 2889 1295 2968 luit,
1320 2901 1354 2955 et
1380 2902 1516 2957 vocatus
1546 2891 1606 2955 suit
1633 2891 1840 2964 Valentinus,

490 3006 575 3073 sicut
590 3007 651 3073 luit
670 3031 757 3093 papa
773 3010 827 3075 ille
841 3022 979 3076 vocatus
996 3021 1075 3076 ante
1090 3033 1185 3076 suum
1201 3021 1371 3094 papatum.

577 3137 697 3206 [p.125.]
728 3138 917 3196 correooio.
973 3133 1213 3216 Episcoporum
1247 3131 1392 3195 officiarii
1424 3142 1542 3215 optant
1573 3134 1642 3216 jam
1674 3142 1710 3196 ut
1745 3133 1846 3215 plura,

490 3247 543 3310 vel
567 3248 678 3314 omnia
709 3261 818 3316 essent
848 3251 1015 3335 prohibita
1044 3252 1177 3335 populo,
1210 3261 1246 3316 ut
1277 3253 1473 3318 necessitate
1503 3255 1608 3318 coacti
1641 3261 1842 3318 recurrerent

491 3366 534 3429 ad
560 3387 617 3432 eos
643 3389 702 3452 pro
727 3369 862 3435 lIcencia
892 3380 926 3435 et
950 3371 1200 3455 dispensacione
1225 3371 1444 3451 concedenda,
1471 3384 1508 3440 ut
1535 3374 1632 3439 liceat
1663 3376 1710 3438 eis
1735 3374 1843 3438 facere

491 3497 607 3552 contra
630 3487 738 3573 legem
762 3491 919 3572 ecclesiae,
941 3513 999 3556 seu
1024 3503 1138 3558 contra
1159 3493 1316 3557 mandata
1339 3493 1484 3578 episcopi
1507 3495 1682 3560 diocesani.
1728 3496 1844 3576 Nuper

492 3606 580 3672 enim
605 3609 680 3674 novi
705 3613 795 3694 quod
821 3612 967 3677 officiarii
995 3613 1139 3697 episcopi
1166 3613 1352 3678 habuerunt
1379 3615 1525 3699 quinque
1553 3637 1679 3680 marcas
1706 3637 1750 3680 ex
1777 3635 1842 3678 uno

491 3729 653 3812 armigero
681 3752 741 3814 pro
768 3731 902 3797 licencia
930 3754 1030 3816 quam
1058 3735 1087 3798 ei
1114 3734 1277 3798 dederunt
1308 3746 1343 3799 ut
1375 3747 1462 3800 esset
1492 3747 1615 3821 nuptus
1642 3739 1674 3801 in
1705 3736 1843 3802 ecclesia

492 3849 670 3932 parochiali
703 3851 772 3914 sine
806 3852 923 3916 bannis
956 3853 1168 3936 proclamatis
1203 3855 1235 3918 in
1269 3856 1414 3936 ecclesia,
1442 3867 1475 3921 et
1505 3859 1575 3922 sine
1607 3858 1670 3922 illis
1699 3858 1843 3941 quinque

494 3970 610 4034 marcis
640 3991 705 4035 non
731 3971 905 4038 voluerunt
931 3975 1010 4037 dare
1034 3976 1064 4038 ei
1092 3975 1284 4058 praedictam
1312 3977 1491 4044 licenciam.
1547 3980 1633 4044 Item
1658 3979 1845 4044 habuerunt

493 4109 518 4152 x
560 4111 686 4154 marcas
717 4092 761 4154 ab
797 4113 862 4156 una
900 4093 1034 4158 muliere
1072 4096 1172 4160 vidua
1202 4118 1262 4180 pro
1298 4097 1433 4163 licencia
1471 4098 1624 4164 habenda
1662 4109 1698 4164 ut
1732 4109 1844 4183 posset

494 4229 613 4274 vovere
635 4212 821 4276 castitatem
844 4234 954 4278 coram
976 4236 1174 4300 quocunque
1197 4218 1354 4303 episcopo
1376 4222 1428 4284 vel
1450 4221 1580 4300 abbate,
1596 4222 1641 4287 ita
1665 4222 1754 4304 quod
1777 4241 1842 4284 non
