4378 4936
481 377 541 444 162
857 384 955 440 LOCI
980 383 1008 437 E
1038 381 1162 437 LIBRO
1198 379 1458 436 VERITATUM.

480 601 538 684 xij,
562 611 595 666 et
619 603 734 666 Petrus
757 601 799 664 de
823 599 929 676 Luna,
953 599 996 662 de
1014 597 1196 679 Aragonia‚
1219 597 1276 678 qui
1298 596 1440 660 vocabat
1464 616 1498 658 se
1521 594 1832 677 Benedictumxiij‚

480 724 538 807 qui
565 724 657 789 citati
681 723 821 797 suerunt,
848 732 884 786 ut
910 740 1021 785 coram
1046 727 1162 783 sancto
1187 727 1415 798 comparerent
1437 718 1583 794 concilio,
1605 718 1705 782 finem
1728 716 1833 798 impo-

480 845 572 909 situri
600 845 729 910 cismati
759 863 819 926 per
844 843 932 906 viam
961 849 1085 904 mutuae
1116 839 1282 904 cessionis.
1330 839 1406 902 Rex
1431 837 1626 921 Aragonum
1656 838 1834 904 obediebat

481 965 664 1029 Benedicto
684 963 769 1045 xiij⁰,
794 971 832 1026 ut
859 982 956 1044 papae
981 981 1041 1025 suo
1069 960 1189 1024 Romae
1212 959 1338 1036 electo;
1370 957 1530 1040 Gregorio
1548 959 1611 1042 xij⁰
1637 979 1734 1042 papae
1757 958 1835 1024 obe-

481 1086 596 1150 diebat
627 1085 807 1162 Robertus,
836 1102 946 1147 comes
978 1081 1155 1154 Palatinus,
1187 1081 1242 1163 qui
1280 1079 1411 1144 dicebat
1442 1100 1477 1143 se
1514 1101 1587 1144 esse
1621 1080 1764 1146 electum
1802 1081 1834 1144 in

482 1207 714 1289 imperatorem
741 1205 933 1268 Romanum
955 1212 1065 1278 antea,
1087 1212 1238 1284 tempore
1261 1199 1421 1264 Bonifacii
1445 1202 1490 1278 ix,
1515 1210 1549 1264 et
1573 1222 1640 1265 non
1663 1199 1834 1266 Wemzes·

481 1327 580 1404 laum,
608 1346 718 1409 regem
744 1323 977 1401 Bohemorum,
1008 1323 1064 1404 qui
1088 1322 1193 1387 eciam
1219 1320 1272 1386 vel
1302 1321 1481 1403 imperator
1506 1322 1733 1388 Romanorum
1763 1341 1837 1386 esse

481 1447 594 1525 voluit,
611 1456 644 1512 et
667 1446 723 1528 qui
746 1467 782 1509 se
805 1444 940 1509 obedire
964 1442 1103 1508 concilio
1125 1443 1245 1506 Pisano
1267 1461 1326 1525 per
1348 1440 1485 1506 nuncios
1506 1462 1583 1506 suos
1605 1443 1757 1525 promisit
1778 1452 1835 1506 aut

482 1567 658 1632 simulavit.
705 1565 765 1629 Isti
794 1566 871 1640 duo,
899 1564 992 1628 citati
1022 1564 1065 1627 ad
1096 1561 1270 1628 concilium
1302 1561 1467 1640 Pisanum,
1497 1583 1542 1628 sc.
1576 1563 1753 1648 Gregorius
1787 1563 1833 1646 xij

483 1699 517 1754 et
536 1688 736 1753 Benedictus
751 1685 832 1768 xiij¹,
849 1686 882 1749 in
905 1685 1044 1750 concilio
1068 1683 1125 1747 illo
1146 1704 1212 1748 non
1235 1692 1498 1765 comparuerunt,
1521 1693 1554 1748 et
1579 1685 1701 1750 ibidem
1724 1687 1757 1750 in
1780 1685 1836 1749 illo

483 1809 622 1874 concilio
645 1808 766 1873 Pisano
791 1807 934 1889 depositi
958 1805 1090 1869 fuerunt
1111 1826 1132 1869 a
1154 1825 1215 1870 suo
1237 1813 1371 1887 papatu,
1395 1824 1454 1885 per
1482 1807 1685 1873 sentenciam
1708 1806 1836 1872 concilii

484 1930 603 2007 Pisani,
618 1930 670 1993 cui
694 1949 760 1992 non
783 1927 1008 2004 obediebant;
1032 1935 1066 1990 et
1087 1935 1176 2003 tunc,
1198 1945 1285 1990 anno
1307 1925 1443 1990 Domini
1466 1945 1556 2010 1409,
1576 1927 1700 1993 electus
1721 1928 1781 1992 fuit
1804 1927 1836 1990 in

482 2069 615 2134 papam,
644 2070 704 2132 per
732 2047 908 2112 concilium
938 2047 1104 2124 Pisanum,
1138 2047 1255 2110 doctor
1285 2066 1387 2111 sacrae
1416 2045 1609 2130 Theologiae
1642 2049 1838 2115 Alexander

483 2172 626 2254 quintus
653 2169 709 2252 qui
740 2177 819 2233 ante
849 2176 1010 2250 papatum
1036 2187 1133 2230 suum
1159 2166 1341 2232 vocabatur
1367 2167 1482 2232 Petrus
1505 2170 1548 2233 de
1572 2168 1710 2247 Candia,
1733 2170 1838 2236 cardi-

484 2293 577 2371 nalis,
614 2293 658 2355 de
695 2290 810 2354 ordine
847 2287 985 2352 fratrum
1023 2289 1197 2366 minomm,
1234 2287 1285 2351 cui
1324 2287 1525 2352 obediebant
1561 2290 1686 2371 Franci,
1724 2291 1837 2376 Angli,

485 2412 658 2490 Almanni,
690 2409 807 2484 Italici,
840 2418 873 2472 et
910 2428 1010 2492 regna
1044 2407 1195 2492 plurima.
1248 2407 1315 2491 Qui
1351 2428 1439 2491 papa
1468 2408 1665 2478 Alexander
1695 2414 1839 2496 quintus,

482 2554 586 2616 parvo
609 2542 760 2614 tempore
782 2529 905 2607 vivens,
927 2539 1004 2613 post
1027 2549 1122 2592 suam
1145 2528 1353 2604 eleccionem,
1376 2550 1464 2594 anno
1485 2531 1621 2596 Domini
1641 2553 1732 2612 1410,
1754 2535 1839 2598 inter

483 2654 569 2718 festa
594 2651 743 2716 Pascalia
765 2661 798 2714 et
826 2649 1077 2728 Pentecostalia,
1094 2650 1126 2713 in
1152 2649 1284 2714 civitate
1309 2649 1509 2716 Bononiensi
1534 2654 1637 2734 obiit;
1661 2656 1838 2720 etelectus

484 2774 546 2838 fuit
569 2773 729 2838 Bononiae
756 2783 835 2835 tunc
857 2792 916 2854 per
942 2770 1124 2835 cardinales
1150 2771 1183 2834 in
1206 2791 1329 2854 papam
1350 2771 1525 2838 Baithasar
1548 2773 1661 2857 Cossa,
1683 2779 1839 2843 diaconus

485 2893 668 2970 cardinalis,
693 2903 726 2957 et
748 2901 886 2956 vocatus
905 2891 967 2956 fuit
989 2891 1158 2972 Johannes
1175 2909 1226 2976 23.
1272 2893 1340 2956 Iste
1360 2893 1537 2974 Johannes,
1559 2897 1603 2961 ab
1626 2899 1706 2963 urbe
1729 2899 1839 2964 Roma

484 3016 628 3100 fugatus,
651 3014 694 3077 ad
721 3013 905 3076 Bononiam
931 3032 1077 3076 reversus
1105 3023 1164 3089 est,
1192 3022 1226 3076 et
1252 3013 1427 3078 concilium
1451 3016 1632 3082 universale
1657 3021 1763 3084 tocius
1787 3041 1839 3086 ec·

484 3137 594 3204 clesiae
620 3135 663 3199 ad
691 3134 859 3198 civitatem
885 3131 1179 3197 Constanciensem
1205 3135 1248 3198 de
1274 3133 1411 3198 fratrum
1437 3156 1571 3201 suorum
1598 3140 1736 3205 concilio
1762 3162 1840 3206 con·

485 3256 636 3335 vocavit;
659 3255 869 3338 congregavit
892 3262 1004 3317 autem
1027 3253 1201 3318 concilium
1224 3263 1359 3337 propter
1380 3255 1549 3322 decretum
1571 3259 1680 3325 Pisani
1702 3262 1840 3342 concilii,

486 3381 520 3444 in
543 3399 610 3462 quo
633 3378 821 3441 ordinatum
845 3375 906 3440 fuit
931 3376 1021 3458 quod
1046 3396 1195 3440 summus
1217 3375 1378 3459 pontifex,
1400 3398 1461 3459 pro
1483 3381 1688 3464 extirpandis
1709 3383 1840 3449 haeresi·

486 3501 558 3579 bus,
582 3499 688 3574 sectis,
713 3507 747 3562 et
771 3496 941 3572 erroribus,
966 3505 1000 3560 et
1024 3495 1098 3560 aliis
1123 3497 1384 3575 necessitatibus,
1403 3507 1494 3562 certo
1514 3508 1666 3584 tempore
1686 3503 1840 3585 generale

487 3620 625 3686 deberet
645 3618 820 3683 concilium
844 3616 1020 3681 celebrare.
1053 3615 1239 3681 Concilium
1260 3627 1372 3682 autem
1390 3616 1649 3687 Constanciense
1669 3625 1840 3690 convocari

486 3741 566 3806 fecit
595 3759 683 3822 papa
711 3738 882 3820 Johannes
909 3755 949 3821 23
979 3757 1067 3801 anno
1097 3737 1234 3802 Domini
1267 3755 1358 3818 1414,
1389 3748 1426 3804 ut
1459 3740 1501 3804 ad
1532 3740 1653 3807 festum
1681 3743 1840 3810 Omnium

490 3862 689 3928 Sanctomm
716 3858 865 3942 ejusdem
890 3859 967 3923 anni
991 3878 1108 3921 omnes
1131 3858 1259 3940 praelati
1283 3859 1405 3934 etalii,
1429 3881 1570 3944 quorum
1594 3864 1738 3944 interest,
1763 3865 1841 3930 illuc

487 3983 692 4056 accederent,
717 3991 751 4045 et
777 3981 821 4045 ad
851 3978 952 4043 finem
979 3979 1090 4060 ipsius,
1114 3989 1152 4043 ut
1179 3990 1230 4044 est
1260 3991 1454 4047 consuetum
1485 3993 1520 4047 et
1549 3983 1683 4050 solitum
1713 4005 1841 4050 reman-

489 4113 603 4181 erent;
641 4113 675 4166 et
714 4102 760 4165 sic
793 4110 1018 4165 convenerunt
1051 4100 1095 4164 ad
1137 4101 1310 4166 concilium
1348 4103 1607 4169 Constanciense
1641 4106 1767 4189 praelati
1807 4115 1841 4170 et

489 4227 643 4290 doctores
673 4231 707 4286 et
736 4221 846 4305 plures
879 4221 943 4300 alii,
976 4219 1189 4303 Sigismundo
1220 4221 1309 4286 bono
1338 4233 1417 4289 tunc
1448 4225 1614 4292 existente
1644 4227 1842 4310 imperatore
