4322 4936
484 385 545 451 188
861 394 960 450 LOCI
985 397 1014 449 E
1042 396 1166 452 LIBRO
1201 397 1459 454 VERITATUM.

483 608 517 672 in
537 608 670 674 nomine
693 608 838 688 Domini,
854 631 933 674 vera
955 611 1051 694 copia
1073 612 1223 693 praedicti
1246 612 1319 676 libri
1342 613 1395 676 De
1417 611 1499 676 actis
1521 620 1554 676 et
1576 609 1678 696 gestis
1700 611 1733 675 in
1750 611 1837 676 Con·

483 728 559 794 cilio
583 751 676 796 sacro
700 731 884 794 Basiliensi.

570 859 611 927 [p.
634 859 706 926 500.]
752 849 976 915 Consimiliter
995 860 1074 915 sunt
1096 852 1234 916 diversae
1257 873 1365 917 causae
1387 873 1489 935 quare
1512 851 1656 935 episcopi
1680 852 1837 928 moderni,

484 979 518 1036 et
550 981 702 1050 rectores,
731 982 766 1036 et
799 971 919 1050 vicarii,
950 982 984 1036 et
1014 972 1163 1037 ecclesiae
1199 973 1384 1057 collegiatae
1417 993 1483 1037 non
1514 974 1727 1038 consenciunt
1756 973 1838 1038 alios

483 1094 663 1175 praedicare
686 1093 718 1156 in
739 1093 806 1156 suis
829 1093 994 1171 ecclesiis;
1021 1113 1045 1158 1.
1070 1115 1136 1158 una
1159 1115 1258 1158 causa
1281 1105 1332 1159 est
1355 1094 1560 1158 nescientia
1583 1095 1837 1176 praedicancium

483 1216 640 1278 ostendat
669 1215 759 1298 ipsos
794 1214 1011 1297 praesidentes
1041 1235 1113 1278 esse
1146 1216 1275 1292 inscios,
1307 1226 1340 1280 et
1369 1215 1567 1299 ignorantes,
1597 1216 1653 1297 qui
1688 1215 1838 1280 nesciunt

484 1337 532 1399 ita
554 1335 644 1418 loqui
666 1335 790 1418 populo
813 1336 897 1400 sicut
920 1335 982 1418 ipsi
1003 1331 1244 1419 praedicatores.
1291 1353 1319 1402 2.
1344 1337 1441 1414 Item,
1461 1335 1526 1400 alia
1546 1356 1645 1400 causa
1668 1345 1727 1411 est,
1748 1337 1836 1418 quod

484 1456 680 1538 praedicacio
702 1457 849 1521 ostendit
873 1455 929 1519 illa
952 1477 1054 1539 opera
1075 1477 1147 1520 esse
1166 1459 1255 1521 bona
1278 1478 1353 1540 quae
1376 1457 1438 1539 ipsi
1461 1458 1587 1534 odiunt,
1604 1468 1638 1521 et
1661 1456 1717 1520 illa
1739 1477 1838 1539 opera

485 1596 559 1640 esse
589 1576 678 1640 mala
708 1597 783 1659 quae
813 1576 876 1659 ipsi
906 1597 967 1659 pro
996 1577 1085 1640 bono
1115 1578 1266 1660 diligunt,
1294 1587 1327 1642 et
1353 1578 1399 1642 sic
1429 1577 1610 1661 praedicant
1638 1586 1753 1640 contra
1782 1576 1838 1640 illa

483 1697 568 1762 vicia
590 1707 725 1780 propter
746 1717 822 1779 quae
845 1697 992 1780 episcopi
1015 1707 1049 1761 et
1072 1699 1175 1762 curati
1199 1699 1355 1762 odiuntur
1380 1719 1400 1762 a
1423 1698 1557 1781 populo.
1602 1716 1632 1782 3.
1654 1697 1751 1775 Item,
1774 1697 1838 1761 alia

483 1837 584 1882 causa
614 1828 673 1896 est,
705 1819 795 1901 quod
828 1818 1026 1901 praedicacio
1058 1820 1221 1885 convertit
1253 1842 1274 1884 a
1302 1821 1447 1904 peccatis
1478 1819 1630 1883 mulieres
1660 1839 1743 1900 quas
1776 1819 1838 1900 ipsi

483 1949 609 2015 tenent,
633 1949 667 2004 et
697 1940 773 2004 ideo
800 1941 917 2004 odiunt
944 1940 1200 2023 praedicaciones
1224 1942 1317 2006 tales.
1369 1942 1470 2007 Unde
1504 1961 1609 2023 nuper
1637 1940 1713 2003 novi
1747 1939 1837 2022 quod

483 2060 646 2124 sacerdoti
677 2062 804 2143 petenti
842 2061 1053 2125 concubitum
1084 2083 1160 2126 cum
1196 2083 1256 2126 sua
1290 2063 1468 2140 meretrice,
1500 2062 1573 2144 ipsa
1608 2061 1837 2144 respondebat,

484 2181 563 2244 ‘Vae
593 2179 682 2258 mihi,
711 2182 790 2264 quia
819 2202 863 2244 ex
894 2202 1053 2258 sermone,
1082 2203 1181 2264 quem
1208 2183 1308 2247 hodie
1334 2184 1453 2259 audivi,
1481 2184 1556 2246 novi
1583 2183 1673 2264 quod
1696 2181 1839 2263 graviter

483 2302 617 2383 peccavi
647 2311 767 2380 tecum,
798 2311 831 2365 et
862 2301 938 2365 ideo
968 2323 1139 2385 nunquam
1168 2312 1280 2368 tecum
1310 2304 1467 2387 deinceps
1497 2298 1678 2387 peccabol’
1712 2311 1746 2366 et
1776 2301 1838 2364 iste

484 2421 638 2485 sacerdos
654 2421 744 2499 Baal,
765 2423 784 2484 i.
798 2443 825 2484 e.
843 2423 913 2486 sine
932 2423 1014 2505 jugo
1037 2425 1207 2503 castitatis,
1222 2425 1284 2489 hoc
1306 2425 1453 2501 audiens,
1466 2424 1599 2507 juravit,
1615 2423 1736 2498 dicens,
1760 2421 1837 2485 ‘Ex

484 2561 552 2624 quo
578 2542 774 2625 praedicacio
800 2544 939 2608 retraxit
963 2543 1063 2607 hodie
1090 2555 1168 2609 tea
1194 2567 1268 2609 meo
1293 2567 1413 2624 amore,
1438 2565 1608 2628 nunquam
1639 2543 1701 2607 erit
1729 2562 1837 2606 sermo

484 2661 518 2726 in
539 2663 602 2726 ista
617 2662 763 2739 ecclesia,
780 2665 938 2746 quamdiu
960 2684 1022 2746 ego
1037 2665 1151 2728 vixero
1173 2676 1206 2730 et
1222 2666 1382 2748 impedire
1397 2661 1543 2748 potero;’
1567 2675 1600 2728 et
1617 2673 1732 2746 postea
1749 2663 1836 2725 idem

484 2783 637 2847 sacerdos
662 2793 778 2866 captus
800 2794 851 2848 est
878 2794 910 2848 et
941 2795 1102 2850 castratus
1127 2807 1185 2868 per
1210 2787 1252 2868 vij
1280 2786 1438 2851 millearia
1463 2787 1506 2849 ab
1529 2785 1665 2850 Oxonia
1692 2783 1747 2846 ubi
1774 2784 1838 2846 ista

484 2903 612 2968 mulieri
635 2905 732 2969 dixit.

571 3034 610 3102 [p.
627 3035 696 3102 soll
742 3026 965 3110 Consimiliter
990 3027 1070 3110 jam,
1093 3047 1181 3091 anno
1212 3028 1348 3090 Domini
1375 3038 1457 3106 1450
1487 3035 1521 3090 et
1550 3035 1657 3097 antea,
1681 3025 1838 3088 dixerunt

482 3144 595 3228 plures
632 3146 700 3228 regi
737 3147 872 3230 Angliae
911 3149 1057 3212 Henrico
1089 3148 1206 3224 Sexto,
1245 3149 1335 3230 quod
1373 3149 1604 3230 praedicatores
1639 3145 1729 3210 verbi
1762 3145 1836 3220 Dei,

484 3266 602 3331 famosi
631 3268 664 3330 in
690 3267 874 3352 Theologia
900 3269 1060 3348 doctores
1084 3290 1143 3351 per
1169 3269 1420 3351 praedicationes
1450 3288 1526 3332 suas
1556 3276 1671 3332 contra
1700 3276 1837 3349 peccata

485 3388 626 3470 puplica,
651 3389 684 3452 in
715 3410 816 3472 regno
843 3398 877 3453 et
904 3391 937 3452 in
963 3390 1103 3454 concilio
1131 3392 1215 3471 regis
1240 3389 1370 3473 privato
1400 3390 1531 3466 usitata,
1556 3396 1693 3452 causant
1723 3396 1838 3450 contra

484 3529 596 3592 regem
622 3509 882 3574 insurrexionem
914 3512 945 3572 in
972 3511 1106 3593 populo,
1133 3520 1166 3574 et
1192 3520 1264 3574 turn
1291 3509 1419 3591 injuriae
1445 3509 1595 3592 puplicae,
1619 3517 1653 3571 et
1679 3505 1838 3570 annuales

484 3638 586 3708 taxae,
611 3640 645 3694 et
675 3631 823 3707 decimae,
849 3641 883 3695 et
912 3631 1071 3694 alienacio
1098 3631 1271 3705 bonorum,
1300 3651 1376 3712 quae
1406 3651 1536 3694 coronae
1559 3628 1777 3711 pertinebant,
1804 3635 1838 3690 et

484 3751 633 3815 delectus
659 3750 774 3833 judicii
808 3771 867 3834 per
896 3750 1024 3834 judices
1055 3750 1201 3814 ecclesiae
1232 3760 1266 3815 et
1298 3751 1390 3832 regni
1426 3750 1557 3813 luerunt
1586 3749 1633 3812 ita
1664 3747 1838 3810 manifesta

485 3881 519 3936 et
548 3880 619 3936 tam
650 3871 744 3956 plura
770 3872 804 3935 in
828 3892 973 3950 numero,
995 3873 1094 3954 quod,
1118 3873 1146 3934 si
1175 3871 1221 3934 illi
1251 3873 1483 3954 praedicatores
1513 3879 1622 3934 tacere
1646 3868 1836 3943 voluissent,

486 3990 652 4075 ‘lapides’
684 3995 703 4058 i.
716 4015 744 4056 e.
769 3994 948 4057 multitudo
978 3993 1102 4076 populi,
1132 3990 1367 4072 ‘clamassent’
1401 4001 1438 4057 ut
1470 3993 1577 4074 inquit
1612 3990 1765 4055 Salvator
1794 3988 1837 4052 de

485 4114 553 4177 suis
583 4115 759 4197 discipulis,
791 4136 874 4198 quos
910 4115 1053 4178 Pharisei
1086 4115 1250 4197 optabant
1285 4125 1394 4179 tacere
1430 4134 1505 4178 cum
1536 4112 1668 4196 populo,
1700 4131 1742 4174 ne
1772 4109 1838 4173 cla·

486 4245 614 4300 marent
641 4236 719 4316 Xto,
751 4237 970 4302 ‘Benedictus
997 4238 1052 4320 qui
1083 4239 1172 4301 venit
1204 4237 1236 4299 in
1267 4237 1400 4299 nomine
1428 4231 1598 4299 Dominil’
1645 4231 1690 4296 Et
1720 4232 1837 4296 horum
1915 4313 1919 4318 Ι
