4338 4936
487 383 529 446 66
862 393 960 449 LOCI
986 392 1015 446 E
1044 392 1168 446 LIBRO
1205 391 1462 446 VERITATUM.

488 609 605 687 michi,'
636 609 741 691 inquit
772 607 915 673 Sanctus
942 608 1161 691 Augustinus,
1188 609 1232 670 ‘si
1259 608 1418 690 aliquem,
1445 609 1500 690 qui
1530 628 1604 670 meo
1635 605 1759 670 auxilio
1783 624 1840 666 seu

486 729 618 812 loquela
640 731 790 812 indiguit,
814 730 926 812 repuli,
945 730 997 792 vel
1021 731 1127 793 minus
1150 730 1275 812 aspexi,
1296 729 1348 792 vel
1375 729 1604 793 necessitatem
1629 729 1748 791 animae
1771 745 1840 788 suae

487 851 585 914 nimis
606 851 728 928 distuli,
745 871 853 914 moras
873 847 1095 933 protrahendo
1118 869 1203 926 eum,
1221 849 1385 913 Dominus
1407 861 1520 914 autem
1538 849 1629 911 Deus
1652 849 1718 912 cito
1742 845 1841 910 michi

486 971 647 1035 auxilium
668 971 761 1035 dedit
774 967 797 1049 ;’
821 972 892 1036 haec
911 969 1053 1036 Sanctus
1076 969 1292 1052 Augustinus,
1313 971 1430 1034 doctor
1450 971 1602 1046 eximius,
1623 970 1654 1032 in
1681 968 1843 1033 Sermone

485 1089 520 1154 in
545 1091 600 1154 die
621 1091 842 1155 anniversaria
867 1093 1086 1155 ordinacionis
1107 1111 1176 1154 suae
1200 1092 1231 1154 in
1255 1091 1455 1173 episcopum,
1475 1092 1553 1174 quia
1575 1101 1653 1154 tunc
1678 1089 1842 1171 praecipue

487 1211 616 1276 solebat
647 1211 790 1276 Sanctus
815 1211 1024 1295 Augustinus
1049 1233 1149 1276 onera
1182 1211 1382 1296 episcopalia
1410 1233 1520 1275 coram
1550 1212 1623 1274 Deo
1654 1208 1843 1273 mentaliter

488 1333 651 1410 reducere,
674 1341 708 1396 et
738 1351 848 1397 coram
878 1331 1002 1416 populo
1032 1332 1087 1397 illa
1118 1333 1304 1416 praedicare,
1329 1342 1365 1395 ut
1396 1331 1542 1395 intimius
1573 1351 1632 1413 pro
1661 1349 1698 1394 se
1728 1347 1841 1411 preces

488 1452 601 1535 populi
625 1452 812 1535 adquireret
834 1453 877 1516 ad
898 1453 1019 1528 Deum,
1039 1465 1074 1517 ut
1097 1475 1180 1517 onus
1203 1473 1298 1516 suum
1321 1463 1409 1516 recte
1432 1452 1582 1535 impleret
1606 1462 1639 1515 et
1662 1449 1843 1533 perficeret.

490 1571 644 1636 Salvator
681 1584 792 1637 noster
828 1593 995 1656 nunquam
1034 1575 1161 1637 sanavit
1204 1574 1236 1636 in
1275 1571 1445 1654 evangelio
1483 1573 1626 1655 aliquem
1665 1571 1841 1641 infirmum,

489 1693 647 1774 quamdiu
681 1693 752 1775 ipse
786 1692 940 1758 Salvator
977 1695 1070 1757 stetit
1103 1696 1136 1756 in
1168 1703 1290 1768 monte,
1320 1694 1379 1756 sed
1410 1692 1616 1756 descendens
1651 1691 1694 1754 de
1729 1699 1842 1752 monte

488 1814 617 1877 sanavit
650 1813 826 1878 infirmum.
882 1813 937 1878 Sic
970 1815 1173 1878 descendant
1212 1813 1349 1896 praelati‚
1381 1814 1531 1877 subditos
1566 1833 1643 1875 suos
1679 1811 1841 1882 docendo,

489 1933 699 2011 consulend0,
726 1935 971 2016 compatiendo
999 1945 1032 1998 et
1061 1934 1262 2012 auxiliand0,
1290 1944 1323 1997 et
1356 1945 1435 1997 tunc
1466 1955 1523 1997 eos
1554 1932 1725 1996 sanabunt.
1772 1929 1840 1995 Sed

490 2054 572 2118 heul
610 2063 692 2136 quot
719 2054 789 2136 jam
819 2055 928 2118 dicere
963 2065 1110 2138 possunt,
1140 2056 1344 2118 ‘Posuerunt
1376 2075 1429 2118 me
1464 2055 1635 2118 custodem
1667 2053 1699 2115 in
1729 2052 1842 2124 vineis,

489 2175 619 2238 vineam
648 2193 757 2238 meam
788 2193 853 2238 non
883 2173 1079 2250 custodivi3’
1110 2187 1143 2238 et
1167 2175 1241 2238 ideo
1265 2177 1297 2238 in
1321 2177 1375 2238 die
1397 2175 1509 2257 judicii
1534 2176 1621 2238 dicet
1647 2173 1727 2236 illud
1753 2172 1843 2235 Deu-

489 2295 663 2358 teronomii
694 2295 811 2376 prim0,
838 2295 997 2377 ‘Propter
1025 2316 1084 2358 vos
1112 2296 1214 2360 iratus
1244 2307 1294 2359 est
1326 2295 1424 2360 michi
1449 2293 1632 2366 Dominus,'
1657 2295 1703 2358 sic
1733 2313 1844 2356 revera

490 2415 576 2478 dixit
601 2414 737 2496 Moyses
761 2414 835 2478 filiis
860 2413 972 2489 Israel,
994 2416 1150 2516 ‘l‘ropter
1173 2438 1231 2480 vos
1254 2417 1355 2480 iratus
1378 2426 1427 2480 est
1454 2416 1551 2479 michi
1577 2410 1758 2491 Dominus,’
1782 2413 1801 2476 i.
1815 2433 1843 2475 e.

490 2545 626 2618 propter
654 2543 827 2622 pecqatum
858 2536 1076 2599 dubitacionis
1111 2557 1193 2600 meae
1226 2539 1269 2600 ad
1307 2558 1410 2619 aquas
1442 2536 1721 2610 contradiccionis,
1753 2535 1842 2617 quod

491 2664 664 2737 peccatum
692 2653 753 2718 leci
782 2656 952 2719 occasione
978 2656 1162 2739 iniquitatis
1189 2669 1315 2734 vestrae,
1346 2659 1424 2740 quia
1451 2658 1605 2741 iniquitas
1631 2656 1744 2739 populi
1774 2675 1843 2717 mo-

491 2775 591 2839 vebat
621 2774 763 2855 Moysen
793 2776 944 2839 dubitare
973 2778 1016 2839 de
1046 2797 1133 2859 aqua
1164 2780 1372 2860 perducenda
1403 2779 1445 2842 de
1474 2789 1577 2860 petra.
1623 2775 1845 2840 Consimiliter

492 2895 524 2958 in
548 2894 603 2957 die
630 2895 745 2958 mortis
771 2905 804 2959 et
828 2895 940 2976 judicii
964 2897 1052 2960 dicet
1077 2898 1183 2960 malus
1207 2907 1240 2962 et
1262 2899 1389 2961 ociosus
1415 2910 1447 2961 et
1470 2899 1609 2961 viciosus
1632 2897 1787 2978 praelatus
1811 2905 1845 2958 et

491 3025 631 3094 curatus,
658 3015 818 3097 ‘Propter
841 3013 918 3094 vos,’
945 3037 989 3080 sc.
1016 3016 1167 3080 homines
1193 3038 1280 3081 curat
1315 3039 1406 3093 meae,
1433 3019 1621 3099 ‘quondam
1652 3017 1845 3080 commissos

493 3135 602 3208 michi,
626 3137 727 3200 iratus
751 3147 802 3200 est
825 3135 1006 3214 Dominus,'
1029 3138 1089 3201 i.e.
1115 3149 1249 3222 propter
1270 3150 1406 3220 peccata
1429 3160 1503 3220 quae
1526 3159 1584 3200 vos
1609 3137 1730 3201 lecistis
1751 3157 1846 3200 occa·

492 3256 584 3318 sione
614 3257 687 3333 mei,
717 3268 750 3320 et
782 3277 840 3338 per
868 3257 1033 3321 desectum
1065 3279 1185 3336 meum,
1212 3260 1289 3340 quia
1319 3281 1403 3322 onus
1434 3279 1543 3322 meum
1575 3259 1659 3321 circa
1689 3279 1749 3319 vos
1779 3277 1845 3319 non

493 3375 563 3451 leci,
591 3385 624 3439 et
654 3377 741 3440 bona
771 3397 871 3459 opera
901 3378 1013 3441 debita
1043 3379 1148 3454 omisi,
1179 3379 1266 3442 mala
1297 3400 1362 3442 non
1393 3380 1549 3456 destruxi,
1573 3399 1632 3442 nec
1662 3389 1776 3441 contra
1807 3399 1845 3440 ea

493 3496 643 3561 debitum
679 3517 789 3560 meum
828 3496 897 3575 leci,
930 3497 1103 3577 hortando,
1137 3500 1295 3578 docend0,
1333 3500 1543 3576 consulendo
1581 3511 1614 3562 et
1652 3498 1844 3580 exemplum

493 3617 617 3680 bonum
648 3618 834 3700 praebendo,
861 3628 894 3682 et
919 3639 1002 3681 onus
1033 3639 1143 3681 meum
1170 3621 1259 3702 quod
1290 3633 1424 3703 propter
1454 3620 1580 3683 lucrum
1607 3619 1659 3682 vel
1687 3619 1844 3681 honorem

494 3738 698 3800 mundanum
722 3738 855 3819 indigne
881 3740 1018 3820 suscepi,
1043 3739 1179 3821 implere
1203 3741 1331 3818 nescivi,
1357 3742 1443 3804 unde
1465 3741 1657 3822 sanguinem
1681 3735 1846 3813 vestrum,'

494 3857 514 3920 i.
528 3879 555 3922 e.
578 3869 748 3941 peccatum
776 3869 930 3935 vestrum,
953 3859 1136 3922 ‘Dominus
1163 3860 1206 3923 de
1230 3881 1327 3923 manu
1354 3881 1426 3924 mea
1452 3860 1600 3942 requirit,'
1625 3861 1686 3922 i.e.
1711 3880 1763 3922 me
1786 3879 1846 3940 pro

495 3997 570 4041 meo
594 3979 678 4042 circa
699 3999 758 4041 vos
788 3979 919 4043 defectu
945 3979 1145 4043 aeternaliter
1168 3983 1272 4063 punit,
1296 3991 1332 4043 ut
1363 3991 1455 4062 patet
1480 3979 1665 4044 Ezechielis
1688 3979 1736 4061 iij⁰
1758 3980 1847 4060 capi*

495 4098 586 4176 tulo;
610 4109 643 4161 et
664 4098 806 4162 Sanctus
822 4098 1042 4180 Augustinus,
1059 4101 1091 4162 in
1114 4100 1225 4164 libello
1249 4123 1308 4164 suo
1332 4103 1374 4165 de
1398 4102 1591 4184 pastoribus
1611 4101 1674 4163 hoc
1697 4109 1847 4174 testatur,

497 4218 617 4283 ‘Unde
639 4230 774 4302 propter
792 4241 850 4282 vos
871 4221 971 4284 iratus
990 4241 1025 4284 es
1047 4221 1143 4284 michi
1165 4221 1338 4300 Dominus
1355 4223 1373 4284 i.
1386 4244 1413 4285 e.
1431 4231 1564 4304 propter
1585 4231 1720 4302 peccata
1740 4231 1848 4283 vestra
