4378 4936
494 355 532 422 82
874 366 972 421 LOCI
998 367 1027 420 E
1056 367 1180 422 LIBRO
1216 367 1473 422 VERITATUM.

493 581 733 647 concluserunt.
756 583 828 646 ‘De
848 581 941 646 vultu
962 591 1020 647 tuo
1035 573 1194 664 judicium
1217 604 1328 648 meum
1348 580 1525 665 prodeat¹,'
1548 584 1654 666 inquit
1677 585 1848 668 propheta,

494 704 513 767 i.
521 723 549 767 e.
566 703 608 767 de
624 702 748 785 judicio
768 711 836 780 tuo,
850 701 1009 786 judicium
1026 725 1137 767 meum
1157 714 1191 768 et
1208 705 1350 769 assercio
1371 725 1445 768 mea
1465 705 1614 787 prodeat,
1629 715 1666 769 ut
1682 707 1849 770 sentencia

495 833 530 888 et
548 823 714 888 conclusio
735 843 810 888 mea
827 823 953 906 judicio
971 833 1004 888 et
1025 825 1202 889 sentenciae
1223 826 1287 888 Dei
1311 825 1486 889 conformis
1509 826 1560 904 sit,
1575 846 1617 890 ne
1639 847 1763 909 vagans
1786 828 1848 891 sim

495 965 556 1028 per
579 945 758 1010 varietates
784 945 985 1028 opinionum,
1012 947 1092 1036 quia,
1116 947 1171 1009 ubi
1199 957 1250 1010 est
1279 955 1373 1011 tanta
1399 949 1541 1012 varietas
1567 958 1602 1012 et
1627 948 1849 1026 contrarietas,

495 1066 541 1130 ibi
564 1075 615 1129 est
638 1066 671 1129 in
691 1086 757 1130 una
779 1075 874 1149 parte
899 1066 1033 1131 falsitas.
1079 1067 1177 1130 ‘Non
1203 1065 1272 1146 est,'
1290 1065 1397 1150 inquit
1421 1067 1601 1150 apostolus,
1626 1069 1679 1132 ‘in
1699 1088 1849 1133 sermone

497 1185 592 1261 meo,'
608 1196 709 1251 estet
729 1207 804 1266 non,
822 1188 877 1252 i.e.
893 1189 1013 1252 veritas
1031 1198 1066 1252 et
1085 1187 1220 1267 falsitas,
1235 1189 1293 1252 sed
1315 1197 1366 1252 est
1385 1189 1418 1251 in
1438 1187 1495 1252 illo
1513 1198 1573 1265 est,
1590 1189 1643 1252 i.e.
1658 1191 1779 1253 veritas
1797 1198 1849 1253 est

498 1309 532 1370 in
554 1328 707 1372 sermone
730 1327 814 1385 meo,
835 1307 912 1387 fixa,
931 1317 965 1372 et
985 1329 1192 1391 permanens,
1214 1319 1248 1373 et
1270 1318 1395 1391 aperta.
1439 1307 1572 1373 Occidit
1594 1309 1699 1374 eciam
1721 1310 1849 1373 animas

495 1447 572 1510 quae
601 1448 668 1492 non
694 1429 885 1507 moriuntur,
910 1431 967 1512 qui
997 1440 1137 1494 conatur
1164 1428 1294 1494 trahere
1323 1449 1380 1492 eos
1403 1429 1446 1492 ad
1473 1439 1647 1511 peccatum
1675 1428 1763 1494 malo
1789 1451 1850 1494 suo

497 1549 663 1632 exemplo,
688 1551 742 1614 vel
763 1551 873 1629 verbo,
896 1560 930 1615 et
951 1550 1075 1615 faciunt
1098 1551 1233 1627 malum,
1256 1559 1293 1613 ut
1314 1549 1387 1614 aliis
1409 1550 1570 1632 placeant,
1594 1551 1678 1615 sicut
1700 1549 1848 1614 Actuum

496 1668 568 1751 xij0,
588 1669 742 1734 Herodes
762 1670 868 1736 sciens
891 1671 981 1754 quod
1004 1670 1150 1754 placeret
1167 1671 1293 1752 Judaeis
1315 1671 1342 1733 si
1362 1669 1495 1734 Petrum
1515 1671 1740 1753 apostolorum
1762 1672 1849 1753 prin-

495 1789 603 1870 cipem
633 1791 807 1870 occideret,
829 1791 934 1856 voluit
962 1790 1210 1875 apprehendere
1237 1790 1272 1855 S.
1296 1790 1441 1870 Petrum,
1466 1801 1504 1855 ut
1533 1813 1610 1854 eum
1640 1791 1847 1856 interficeret.

497 1907 561 1988 Sic,
583 1931 635 1974 vae
659 1911 740 1976 illis!
779 1913 835 1995 qui
864 1911 947 1976 alios
977 1922 1111 1976 movent
1138 1913 1181 1976 ad
1213 1911 1347 1986 malum,
1371 1912 1428 1994 qui
1459 1932 1628 1995 nunquam
1655 1911 1741 1976 sorte
1768 1911 1848 1976 talia

494 2029 585 2093 mala
606 2027 762 2110 facerent,
783 2033 844 2096 nisi
866 2033 922 2097 alii
946 2033 1035 2115 ipsos
1063 2034 1108 2097 ad
1131 2032 1255 2096 malum
1282 2032 1350 2096 tale
1378 2042 1558 2096 moverent.
1602 2032 1702 2097 Tales
1731 2033 1847 2096 dicunt

495 2148 577 2214 illud
599 2152 707 2216 Ysaiae
726 2171 777 2237 30,
800 2153 948 2217 ‘Dicatis
971 2153 1067 2216 nobis
1088 2152 1266 2236 placencia,
1286 2152 1389 2217 nolite
1412 2153 1507 2216 nobis
1529 2153 1640 2218 videre
1663 2174 1738 2236 quae
1761 2161 1850 2216 recta

495 2270 591 2335 sunt!
637 2273 739 2337 Unde
756 2274 927 2356 apostolus
946 2274 1004 2352 ait,
1017 2273 1071 2336 ‘A
1092 2274 1232 2338 veritate
1253 2274 1387 2355 quidem
1408 2274 1558 2339 auditum
1578 2283 1736 2352 avertent,
1752 2283 1786 2338 et
1805 2273 1848 2362 ad

493 2391 623 2456 fabulas
652 2403 891 2474 convertentur,
921 2404 956 2460 et
986 2395 1228 2459 coacervabunt
1254 2394 1314 2457 sibi
1343 2396 1525 2477 magistros,
1548 2396 1567 2458 i.
1585 2417 1611 2459 e.
1638 2394 1848 2467 conciliarios,

494 2515 678 2596 prurientes
707 2512 859 2594 auribus,'
885 2517 904 2580 i.
921 2537 949 2579 e.
976 2525 1164 2597 quaerentes
1194 2514 1333 2596 placere,
1363 2514 1416 2578 vel
1445 2517 1619 2580 veritatem
1648 2525 1765 2592 tacere,
1795 2516 1848 2579 vel

492 2635 668 2700 veritatem
699 2637 747 2700 eis
775 2634 961 2720 placentem
988 2636 1182 2720 improbare,
1213 2645 1247 2700 et
1275 2635 1398 2699 malum
1426 2645 1460 2700 et
1489 2646 1662 2719 peccatum
1689 2657 1848 2702 excusare

494 2765 661 2836 conantes,
677 2768 714 2822 ut
736 2757 861 2821 malum
881 2779 948 2821 non
969 2768 1136 2840 appareat,
1153 2767 1186 2822 et
1207 2759 1253 2820 sic
1274 2758 1421 2840 gaudent
1444 2757 1532 2833 mali,
1554 2759 1632 2841 quia
1654 2759 1849 2822 abscondita

495 2887 573 2941 sunt
594 2877 638 2941 ab
670 2878 774 2942 oculis
798 2879 865 2942 suis
894 2880 1072 2962 praesencia
1096 2889 1129 2942 et
1160 2878 1345 2954 iminencia‚
1368 2888 1406 2940 ut
1429 2878 1518 2942 Xtus
1547 2879 1634 2943 dixit
1660 2878 1849 2942 hominibus

494 2997 687 3079 Jerusalem,
718 2999 900 3082 Lucae19⁰
929 3000 1086 3084 capitulo
1146 3000 1213 3062 Fac
1243 3020 1332 3083 ergo,
1362 3001 1550 3082 poenitensl
1589 3001 1723 3077 luctum,
1754 3000 1847 3082 quasi

495 3120 662 3202 unigeniti,
688 3120 843 3202 Jeremiae
858 3128 894 3199 4⁰
921 3126 1018 3204 cap⁰.,
1051 3121 1070 3184 i.
1086 3141 1114 3184 e.
1140 3119 1273 3203 qualem
1301 3119 1425 3183 luctum
1453 3120 1531 3184 facit
1558 3131 1664 3186 mater
1687 3141 1747 3204 pro
1777 3121 1848 3183 uni·

493 3241 608 3322 genito
623 3251 763 3318 mortuo,
779 3240 882 3306 talem
898 3241 949 3305 fac
968 3241 1102 3319 luctum,
1118 3241 1196 3323 quia
1213 3240 1323 3304 Deum
1342 3241 1453 3304 vivum
1470 3249 1504 3304 et
1524 3241 1655 3305 unicum
1671 3241 1847 3319 offendisti,

493 3361 573 3442 quia
606 3361 738 3424 debitor
765 3382 801 3426 es
829 3361 905 3427 talis
936 3361 1041 3426 luctus
1071 3381 1183 3424 eoram
1211 3360 1296 3425 Deo.
1351 3361 1446 3440 Item,
1477 3361 1554 3444 quia
1583 3383 1706 3444 pronus
1735 3383 1771 3425 es
1802 3362 1845 3425 ad

494 3481 613 3546 eadem
639 3480 736 3562 mala,
764 3503 840 3565 quae
865 3483 969 3546 fecisti
994 3492 1028 3546 et
1054 3483 1096 3546 ad
1121 3481 1195 3546 alia.
1240 3482 1336 3559 Item,
1359 3481 1436 3564 quia
1463 3482 1568 3546 nescis
1590 3503 1633 3545 an
1665 3483 1845 3546 secundum

494 3601 701 3666 voluntatem
727 3603 802 3680 Dei,
826 3602 972 3686 plenarie
998 3601 1185 3695 satisfecisti
1212 3622 1272 3684 pro
1298 3601 1393 3665 malis
1423 3603 1488 3666 tuis
1511 3603 1702 3678 commissis,
1730 3612 1764 3666 et
1786 3623 1847 3684 pro

493 3723 590 3786 bonis
614 3724 743 3787 actibus
768 3725 909 3802 omissis,
933 3733 967 3788 et
991 3723 1096 3788 nescis
1120 3744 1163 3786 an
1192 3722 1290 3806 culpa
1317 3723 1359 3786 sit
1385 3722 1532 3805 plenarie
1557 3723 1701 3786 dimissa.
1748 3723 1845 3798 Item,

491 3843 569 3926 luge
590 3863 651 3926 pro
674 3853 819 3925 peccato,
840 3855 874 3909 et
896 3845 1024 3928 operari
1047 3845 1172 3908 bonum
1196 3845 1347 3907 debitum
1371 3864 1437 3907 non
1458 3845 1580 3920 desine,
1596 3845 1652 3926 qui
1676 3844 1780 3907 nescis
1803 3863 1845 3906 an

490 3964 547 4028 alii
572 3975 685 4047 prote
710 3974 743 4031 et
769 3983 829 4045 per
850 3977 1022 4049 peccatum
1047 3975 1141 4029 tuum
1160 3965 1207 4028 sic
1231 3967 1353 4029 mortui
1376 3975 1461 4042 sunt,
1486 3965 1542 4048 qui
1570 3965 1741 4047 dampnati
1768 3969 1846 4028 sunt

491 4103 552 4166 pro
575 4087 695 4170 quibus
717 4108 886 4172 nunquam
906 4087 1013 4153 facere
1035 4095 1132 4172 potes
1152 4085 1424 4160 satisfaccionem,
1442 4095 1519 4150 uta
1539 4106 1640 4168 poena
1659 4085 1844 4161 liberentur,

1106 4222 1112 4250 ¹
1131 4223 1163 4270 Ps
1183 4222 1231 4273 xvi.
