4338 4936
721 397 818 453 LOCI
845 396 874 450 Ε
902 396 1026 450 LIBRO
1062 395 1321 451 VERITATUM.
1649 407 1690 474 53

341 612 403 675 bus
426 614 615 678 coelestibus
638 617 778 679 ostensis
801 617 909 679 beatae
932 615 1089 696 Brigittae,
1104 614 1212 678 viduae
1235 624 1269 678 et
1289 634 1420 698 sponsae
1442 615 1511 691 Xti,
1528 617 1570 680 de
1591 637 1693 699 regno

343 732 484 814 Sweciae,
507 735 600 818 cujus
623 738 692 800 vita
715 747 829 800 sancta
852 745 886 799 et
913 736 1071 800 miracula
1099 735 1193 818 plura
1218 745 1252 800 et
1275 756 1395 820 magna
1421 737 1539 800 Romae
1562 737 1692 802 luerunt

342 854 471 935 prolata
497 855 609 920 multis
633 857 885 938 probacionibus
909 847 1019 920 coram
1042 877 1130 938 papa
1153 855 1312 938 Gregorio
1334 857 1394 938 xj0,
1418 868 1451 921 et
1473 878 1582 922 coram
1606 879 1694 941 papa

344 975 481 1040 Urbano
498 975 552 1054 6⁰;
577 987 611 1041 et
634 975 689 1038 18⁰
709 997 796 1041 anno
818 987 893 1058 post
917 986 1057 1040 mortem
1080 997 1174 1039 suam
1197 976 1258 1041 suit
1282 978 1400 1041 Romae
1424 980 1617 1042 canonizata
1635 1000 1694 1062 per

343 1115 464 1178 papam
489 1096 702 1161 Bonesacium
726 1097 771 1175 ix,
792 1118 879 1160 anno
904 1104 937 1160 2⁰
960 1098 1010 1160 sui
1029 1097 1259 1179 pontificatus;
1290 1109 1324 1162 et
1344 1097 1461 1162 habuit
1481 1109 1557 1163 octo
1576 1100 1693 1182 proles,
1774 1147 1775 1150 κ

343 1237 481 1296 quamm
508 1224 543 1294 4¹
565 1217 627 1280 suit
654 1217 778 1282 Sancta
805 1217 966 1280 Katerina
991 1219 1083 1300 virgo
1113 1218 1155 1281 de
1180 1215 1327 1294 Wasten,
1351 1219 1443 1300 cujus
1473 1231 1588 1284 sancta
1618 1241 1695 1284 ossa

343 1345 420 1400 sunt
441 1336 475 1399 in
496 1336 551 1400 illo
573 1339 772 1402 monasterio
790 1338 833 1401 de
847 1337 985 1402 Wasten
1009 1339 1042 1401 in
1065 1358 1166 1421 regno
1189 1337 1331 1403 Sweciae.
1376 1339 1459 1402 Tres
1479 1350 1556 1404 sunt
1572 1353 1695 1405 sanctae

345 1455 515 1520 Katerinae
536 1459 687 1541 virgines,
709 1479 753 1522 sc.
776 1460 883 1541 prima
905 1459 948 1522 de
972 1459 1090 1522 Monte
1113 1458 1250 1541 Synay3
1282 1461 1362 1522 item
1387 1459 1511 1524 Sancta
1534 1460 1696 1526 Katerina

344 1578 387 1641 de
410 1576 527 1655 Senis3
561 1587 594 1642 et
618 1577 742 1643 Sancta
764 1579 927 1642 Katerina
949 1581 992 1643 de
1014 1578 1152 1643 Wasten
1172 1580 1205 1642 in
1229 1578 1364 1643 Swecia.

431 1707 464 1774 [ρ.
487 1707 558 1774 nt]
604 1705 732 1774 ‘super
754 1705 896 1762 numina
917 1705 1090 1762 Baunonia
1111 1706 1183 1762 urie
1209 1686 1359 1762 eminus
1380 1711 1415 1763 et
1436 1708 1592 1765 nevimus
1612 1710 1695 1766 eum

344 1826 602 1882 recordaremur
624 1827 738 1896 Syon,’
763 1818 934 1903 Ps⁰.136⁰.
982 1821 1051 1884 Ista
1075 1820 1175 1884 verba
1197 1821 1284 1883 dixit
1305 1821 1456 1902 populus
1472 1823 1576 1885 tribus
1598 1821 1695 1904 Judae

345 1951 378 2002 et
409 1938 581 2002 Beniamin
613 1949 646 2002 et
676 1939 869 2020 Jerusalem,
894 1942 1029 2022 quando
1059 1942 1178 2023 captivi
1209 1940 1341 2004 fuerunt
1367 1943 1399 2004 in
1428 1941 1578 2006 Babiloni
1605 1944 1695 2008 ducti

344 2081 364 2123 a
393 2060 587 2140 Jerusalem.
641 2062 688 2125 Et
718 2062 931 2126 consimiliter
964 2061 1022 2125 filii
1054 2062 1198 2126 coelestis
1230 2061 1421 2142 Jerusalem,
1451 2065 1696 2128 considerantes

346 2179 433 2243 mala
458 2200 533 2262 quae
564 2181 647 2246 fiunt
677 2184 710 2244 in
741 2182 932 2246 confusione
962 2181 1117 2260 ecclesiae,
1147 2182 1228 2245 flent
1258 2192 1292 2245 et
1319 2182 1432 2246 dolent
1458 2185 1537 2265 quia
1566 2195 1694 2266 septem

345 2321 466 2384 magna
489 2301 584 2378 mala,
605 2313 764 2384 tanquam
787 2312 915 2384 septem
938 2302 1083 2381 flumina,
1104 2303 1321 2386 submergunt
1344 2303 1454 2385 plures
1477 2313 1510 2367 et
1533 2304 1695 2369 suffocant

346 2423 379 2482 in
399 2420 504 2502 culpis
525 2433 559 2486 et
579 2423 612 2484 in
637 2425 755 2504 poenis,
773 2443 817 2486 ex
837 2424 958 2506 quibus
978 2432 1107 2504 septem
1128 2423 1317 2486 fluminibus
1338 2423 1587 2488 innumerabilia
1607 2425 1696 2489 mala

346 2541 430 2606 sicut
453 2541 546 2604 rivuli
569 2563 590 2604 a
612 2541 801 2606 fluminibus
824 2543 1013 2621 dirivantur,
1036 2563 1111 2625 quae
1133 2542 1269 2606 flumina
1291 2543 1435 2625 pessima
1456 2553 1533 2608 sunt
1555 2546 1618 2608 ista
1630 2571 1682 2608 :-

433 2661 574 2744 Indigna
589 2672 623 2726 et
643 2683 785 2745 nequam
805 2665 1035 2746 episcoporum
1056 2674 1219 2728 rectorum
1236 2674 1269 2727 et
1284 2663 1514 2728 officiariorum
1530 2667 1696 2730 ordinacio

347 2791 380 2844 et
402 2782 577 2857 institucio,
601 2804 677 2864 quae
698 2793 836 2848 vocatur
858 2785 1036 2867 promocio.

434 2901 530 2979 Item,
551 2903 732 2966 secundum
756 2903 879 2967 flumen
902 2914 953 2968 est
974 2905 1128 2968 absencia
1149 2904 1227 2968 boni
1251 2904 1385 2968 rectoris
1408 2925 1428 2967 a
1451 2907 1573 2987 populo
1596 2927 1697 2988 quem

348 3031 482 3103 regeret,
512 3043 587 3105 quae
617 3034 667 3087 est
702 3025 787 3088 sicut
820 3026 975 3089 absencia
1006 3034 1116 3088 nautae
1145 3025 1280 3106 quando
1310 3027 1402 3088 navis
1431 3026 1634 3106 periclitatur
1663 3037 1698 3091 et

348 3142 514 3222 mergitur.

434 3261 585 3326 Tertium
621 3273 672 3327 est
704 3264 876 3346 pluralitas
913 3264 1122 3329 ecclesiarum
1158 3264 1227 3329 sive
1259 3264 1438 3329 officiorum
1472 3265 1562 3348 apud
1596 3287 1697 3329 unum

347 3381 462 3459 virum,
486 3382 519 3444 in
547 3383 666 3464 quibus
691 3384 758 3448 duo
781 3385 849 3462 viri,
873 3405 968 3466 aeque
993 3384 1120 3448 habiles
1147 3395 1184 3449 ut
1210 3385 1281 3466 ipse
1307 3395 1358 3449 est
1382 3387 1438 3466 qui
1462 3384 1565 3450 habet
1587 3385 1697 3468 plura·

348 3499 478 3564 litatem
502 3502 572 3565 sive
595 3503 661 3566 duo
684 3504 952 3584 incompatibilia,
977 3507 1083 3588 magis
1106 3504 1317 3586 spiritualiter
1339 3505 1541 3586 proficerent.

436 3621 601 3704 Quartum
622 3623 745 3687 flumen
765 3634 815 3688 est
834 3624 1045 3688 ecclesiarum
1067 3625 1135 3688 sive
1156 3626 1357 3689 decimarum
1381 3626 1608 3708 appropriacio
1629 3625 1698 3689 sive

349 3743 493 3804 annexio
516 3742 581 3806 illis
603 3743 659 3826 qui
682 3764 748 3808 non
771 3755 848 3808 sunt
871 3746 975 3809 curati
998 3745 1182 3809 immediati
1204 3745 1418 3827 parochianis.

438 3861 598 3943 Quintum
632 3874 682 3928 est
708 3865 831 3928 abusus
860 3865 1079 3929 absolucionis
1105 3865 1139 3928 in
1164 3865 1236 3929 soro
1261 3866 1391 3941 animae,
1418 3864 1574 3931 vocaliter
1603 3866 1699 3931 iactae

350 4002 371 4044 a
393 3983 573 4061 sacerdote,
596 4003 662 4046 non
688 3985 802 4048 debito
829 3987 938 4064 modo,
963 4005 1022 4049 nec
1047 4006 1122 4049 vere
1149 3986 1332 4068 poenitenti,
1356 4004 1517 4050 necuere
1542 4006 1700 4052 converso

350 4122 371 4164 a
393 4103 546 4183 peccatis.

351 4293 363 4306 Ι,
440 4221 592 4301 Sextum,
607 4225 729 4288 abusus
753 4224 970 4307 indulgenciae
995 4245 1159 4290 concessae
1182 4226 1224 4291 ab
1246 4225 1435 4291 hominibus
1459 4227 1517 4291 sed
1541 4248 1606 4292 non
1625 4248 1700 4291 vere
