4322 4936
716 385 815 440 LOCI
841 385 871 438 E
898 387 1023 441 LIBRO
1058 388 1318 445 VERITATUM.
1634 399 1693 466 171

342 601 467 667 senciat
492 609 525 666 et
551 601 674 683 scripto
697 621 758 665 suo
784 604 944 667 concedat
971 604 1073 668 talem
1096 604 1266 669 hominem
1293 605 1460 688 provisum
1487 625 1546 689 per
1571 627 1694 689 papam

340 723 561 806 provisionem
582 743 679 805 papae
698 723 855 806 accipere,
872 731 906 786 et
927 723 1017 787 illam
1034 726 1167 807 exequi.
1201 725 1314 790 Aliter
1331 726 1479 808 provisus
1498 747 1557 809 per
1571 747 1694 809 papam

341 846 374 908 in
402 846 629 928 episcopatum
655 843 708 907 vel
732 844 765 906 in
788 845 987 909 decanatum
1012 847 1157 928 aliquem
1181 848 1214 910 in
1237 867 1339 930 regno
1364 848 1497 913 incurrit
1520 848 1553 910 in
1576 867 1695 929 poenas

341 967 457 1030 statuti
484 965 617 1048 Angliae
645 965 724 1028 editi
749 975 865 1030 contra
893 969 1114 1050 provisionem
1137 990 1234 1052 papae
1258 969 1411 1047 Romani,
1435 979 1469 1034 et
1491 969 1518 1032 si
1544 972 1694 1052 provisus

340 1108 400 1171 per
431 1109 553 1170 papam
586 1087 708 1151 habeat
731 1108 927 1152 consensum
956 1090 1056 1172 regni,
1087 1101 1121 1154 et
1151 1093 1238 1173 regis
1267 1089 1438 1155 licenciam
1468 1091 1634 1174 scriptam,
1660 1100 1694 1154 et

339 1210 527 1293 sigillatam,
554 1212 596 1274 ad
621 1210 863 1292 acceptandum
891 1222 925 1274 et
951 1213 993 1274 ad
1021 1212 1250 1295 accipiendum
1280 1213 1500 1295 provisionem
1528 1223 1563 1276 et
1593 1212 1694 1276 colla·

339 1333 468 1396 cionem
493 1351 589 1414 papae
615 1331 757 1394 Romani
782 1331 920 1413 alicujus
948 1333 1158 1416 episcopatus
1183 1333 1236 1397 vel
1260 1333 1431 1416 dignitatis
1457 1333 1510 1397 vel
1540 1333 1692 1397 beneficii

340 1453 561 1527 ecclesiastici,
591 1462 670 1517 tunc
700 1453 746 1515 sic
777 1453 925 1534 provisus
955 1474 1014 1534 per
1042 1474 1167 1536 papam
1200 1474 1266 1518 non
1297 1454 1431 1518 incurrit
1462 1455 1495 1517 in
1527 1462 1691 1518 statutum

338 1574 555 1658 provisionis;
588 1582 622 1637 et
649 1582 729 1636 nota
752 1573 852 1654 quod,
879 1573 913 1635 in
937 1581 1087 1656 tempore
1113 1594 1209 1657 papae
1236 1573 1398 1654 Johannis
1422 1572 1482 1649 22¹,
1510 1595 1598 1656 papa
1624 1595 1691 1638 non

338 1695 490 1776 providet
515 1713 575 1756 nec
605 1692 731 1756 confert
759 1693 986 1775 episcopatum
1017 1694 1112 1757 alicui
1140 1694 1174 1756 in
1199 1693 1334 1776 Anglia,
1365 1694 1426 1757 nisi
1457 1693 1511 1757 ille
1541 1695 1691 1776 provisus

337 1815 445 1878 solvat
472 1825 535 1893 500
559 1812 611 1876 vel
636 1812 726 1875 mille
751 1833 877 1877 marcas
903 1835 999 1896 papae
1030 1824 1063 1878 et
1091 1815 1189 1878 curiae
1214 1815 1387 1890 Romanae,
1412 1823 1447 1878 et
1472 1816 1620 1898 pecuniae
1644 1815 1690 1877 sic

337 1937 457 1998 Romae
483 1935 600 1999 solutae
626 1944 806 2016 antequam
831 1935 950 2018 aliquis
976 1936 1019 1998 sit
1041 1937 1211 1999 ordinatus
1235 1937 1267 1998 in
1293 1935 1484 2018 episcopum
1508 1937 1542 1998 in
1563 1934 1691 2017 Anglia

336 2065 496 2120 vocantur
522 2056 641 2118 Romae
667 2067 800 2134 annata‚
826 2077 908 2137 quas
938 2057 1093 2138 pecunias
1123 2077 1184 2119 nos
1213 2055 1349 2138 Anglici
1378 2075 1534 2119 vocamus
1564 2055 1689 2136 primos

336 2176 469 2240 fructus.
514 2177 660 2239 Domine
686 2177 787 2251 Deus,
812 2177 937 2258 respice
966 2178 1009 2240 de
1039 2176 1124 2240 coelo
1155 2186 1189 2240 et
1217 2177 1294 2241 vide
1325 2185 1359 2239 et
1388 2175 1487 2241 visita
1516 2175 1688 2239 ecclesiam

335 2298 440 2360 vineae
470 2306 546 2375 tuae,
576 2297 631 2379 qui
661 2297 835 2379 singularis
861 2297 948 2360 ierus
975 2298 1165 2380 cupiditatis
1195 2307 1229 2361 et
1258 2296 1408 2361 avariciae
1438 2296 1597 2378 depastus
1627 2303 1688 2371 est,

338 2418 359 2480 i.
372 2438 400 2481 e.
422 2419 573 2494 vastavit,
596 2423 690 2481 cami

422 2538 551 2616 Romae,
577 2539 785 2620 intempore
815 2537 957 2621 Eugenii
986 2557 1083 2620 papae
1110 2539 1226 2620 quarti,
1250 2537 1443 2621 praedicavit
1470 2545 1594 2601 sanctae
1616 2556 1686 2599 me·

334 2659 447 2722 moriae
471 2658 669 2741 praedicator
693 2658 793 2722 frater
814 2657 963 2722 Thomas
986 2660 1029 2723 de
1053 2657 1164 2733 Calva,
1178 2657 1278 2740 juxta
1300 2659 1487 2740 Neapolim,
1505 2655 1688 2722 Carmelita

333 2779 436 2844 frater
461 2781 493 2842 in
519 2778 670 2861 Neapoli,
695 2787 729 2842 et
756 2779 876 2842 Romae
902 2779 1093 2862 praedicavit
1120 2790 1235 2843 contra
1260 2779 1383 2844 abusus
1406 2779 1506 2844 curiae
1530 2799 1628 2860 papae
1652 2787 1686 2842 et

332 2900 557 2974 cardinalium,
589 2908 624 2962 et
660 2909 776 2964 contra
814 2899 1011 2980 Symoniam
1049 2920 1172 2975 eorum,
1204 2909 1238 2964 et
1277 2901 1445 2984 quomodo
1483 2900 1687 2982 poenitentes

333 3021 453 3084 Romae
476 3029 510 3084 et
532 3019 650 3083 flentes
671 3041 731 3103 pro
753 3019 820 3083 suis
842 3021 986 3102 peccatis
1009 3041 1073 3084 non
1097 3021 1312 3086 absolvuntur
1334 3021 1387 3099 ibi,
1402 3021 1464 3084 nisi
1487 3019 1617 3083 solvant
1639 3018 1684 3082 ibi

331 3143 497 3224 pecunias,
523 3151 557 3204 et
587 3141 757 3223 quomodo
782 3149 956 3222 argentum
983 3151 1018 3205 et
1043 3161 1159 3204 aurum
1182 3140 1327 3205 clamant
1350 3141 1478 3218 Romae,
1501 3139 1603 3204 ‘Sine
1629 3159 1683 3202 me

332 3261 431 3326 nichil
455 3262 594 3344 potestis
617 3258 757 3324 facerel’
788 3271 822 3325 et
848 3262 915 3325 duo
940 3261 1122 3325 cardinales
1146 3262 1273 3337 Romae‚
1299 3261 1370 3325 haec
1400 3260 1581 3336 audientes,
1607 3260 1684 3322 dix-

330 3392 427 3446 erunt
451 3401 527 3445 eum
550 3381 743 3445 haereticum
770 3403 849 3460 esse,
872 3402 912 3445 eo
938 3383 1028 3464 quod
1052 3383 1124 3446 haec
1146 3402 1224 3445 vera
1249 3382 1441 3464 praedicavit
1462 3391 1577 3445 contra
1599 3379 1684 3444 vicia

330 3505 428 3568 curiae
451 3503 546 3580 illius,
569 3513 603 3568 et
624 3503 772 3568 fecerunt
795 3525 870 3567 eum
893 3504 1041 3567 comburi
1065 3505 1097 3566 in
1119 3505 1251 3581 cineres,
1274 3514 1308 3567 et
1330 3502 1454 3566 cineres
1476 3501 1546 3582 ejus
1568 3501 1682 3564 statim

329 3625 454 3688 faciunt
476 3625 642 3700 miracula,
660 3636 694 3689 et
717 3627 948 3688 custodiuntur
969 3626 1003 3688 in
1023 3624 1096 3689 Ara
1118 3625 1225 3704 Coeli;
1257 3634 1291 3689 et
1314 3624 1463 3708 praedicti
1486 3625 1553 3687 duo
1577 3622 1683 3687 cardi-

329 3745 421 3808 nales
445 3745 533 3808 mala
560 3757 674 3824 morte,
699 3755 737 3809 ut
763 3749 925 3829 apparuit,
950 3747 1071 3811 eodem
1100 3768 1197 3824 anno,
1223 3768 1289 3830 quo
1317 3747 1372 3811 ille
1394 3745 1585 3810 combustus
1611 3743 1681 3821 suit,

329 3866 502 3945 obierunt;
534 3887 673 3948 quorum
701 3887 794 3945 unus,
816 3867 986 3948 Johannes
1016 3869 1199 3944 cardinalis,
1223 3868 1311 3932 tituli
1342 3867 1456 3932 Sancti
1482 3865 1617 3929 Martini
1647 3864 1681 3927 in

329 3986 512 4062 Montibus,
537 3987 654 4049 eodem
678 4007 766 4051 anno
792 3988 944 4052 inventus
973 3998 1025 4053 est
1055 3989 1089 4051 in
1119 4010 1180 4053 suo
1209 3989 1296 4052 lecto
1326 3988 1438 4050 subito
1465 3994 1621 4064 mortuus,
1647 3993 1681 4048 et

327 4106 420 4182 alter,
448 4106 621 4171 cardinalis
645 4106 831 4191 Gregorius,
857 4109 945 4172 tituli
969 4109 1085 4174 Sancti
1116 4109 1260 4188 Eusebii‚
1290 4108 1406 4173 incidit
1436 4108 1470 4170 in
1495 4104 1681 4170 amenciam

328 4237 362 4290 et
384 4228 534 4292 currebat
556 4229 694 4292 demens
717 4229 750 4291 in
772 4229 833 4292 viis
858 4231 984 4307 Romae,
1006 4241 1040 4293 et
1062 4230 1260 4295 ostendebat
1282 4249 1382 4292 anum
1405 4247 1501 4292 suum
1521 4235 1555 4292 et
1575 4225 1682 4290 virilia

980 4348 998 4395 z
1015 4351 1033 4396 2
