4338 4936
476 395 516 463 70
857 391 956 446 LOCI
981 391 1011 445 E
1039 391 1162 446 LIBRO
1198 389 1455 447 VERJTATUM.

484 605 612 667 animas
636 602 695 667 Xti
720 604 878 686 sanguine
901 606 1090 688 redemptas
1114 604 1227 687 pocius
1250 603 1363 681 inficis,
1387 623 1486 686 quarn
1511 600 1663 666 aedificas.
1691 611 1723 666 et
1747 599 1835 664 mala

483 726 637 789 absencia
660 735 694 789 et
717 725 804 789 malo
828 726 985 809 exemplo
1008 726 1109 803 laedis,
1128 735 1164 789 ut
1188 726 1334 789 ostendit
1356 725 1401 788 ibi
1426 724 1569 788 Sanctus
1592 723 1778 788 Bernardus
1801 723 1834 785 in

484 845 540 910 illa
576 844 726 929 Epistola
758 847 801 910 ad
834 847 1028 914 Robertum.
1084 847 1201 929 Nuper
1230 847 1318 910 enim
1350 867 1434 909 unus
1468 845 1637 928 religiosus
1670 844 1835 928 professus

484 987 614 1030 summa
633 968 747 1031 decem
772 967 927 1032 librarum
951 969 1202 1051 exempcionern
1226 969 1369 1051 optinuit
1392 969 1435 1032 ab
1458 969 1570 1032 ordine
1594 988 1664 1042 suo,
1688 976 1724 1029 ut
1748 973 1835 1029 esset

485 1088 676 1170 capellanus
701 1101 735 1153 ct
762 1100 868 1154 rector
894 1088 1034 1167 honoris,
1059 1100 1092 1154 et
1119 1101 1231 1154 tamen
1262 1091 1295 1154 in
1326 1089 1413 1156 sacto
1443 1111 1503 1153 suo
1534 1088 1743 1152 manifestum
1774 1085 1835 1150 luit

416 1229 419 1238 ·
485 1209 575 1289 quod
596 1209 627 1271 in
649 1211 717 1273 vita
737 1231 796 1273 sua
819 1211 878 1274 suit
901 1211 1091 1294 capellanus
1112 1212 1186 1276 vicii
1207 1221 1241 1275 et
1260 1210 1411 1276 horroris.
1458 1207 1553 1273 Heu!
1579 1209 1662 1272 heul
1692 1207 1836 1270 Domine

488 1329 589 1409 Deus,
611 1333 688 1414 quia
715 1334 848 1415 sanguis
875 1334 1067 1414 sanguinem
1091 1333 1210 1416 tetigit,
1233 1333 1252 1395 i.
1264 1354 1291 1398 e.
1311 1352 1412 1396 unum
1435 1331 1555 1395 vicium
1577 1328 1679 1394 trahit
1701 1328 1744 1391 ad
1770 1327 1836 1391 alia

485 1451 568 1515 vicia
585 1463 618 1516 et
636 1452 784 1535 impellit,
805 1463 962 1536 tanquam
983 1453 1125 1518 cathena
1147 1455 1299 1537 pessima,
1320 1454 1451 1537 propria
1474 1451 1645 1516 voluntate
1662 1449 1836 1515 deficiente

486 1583 630 1636 causata.
677 1572 813 1656 Moyses
835 1575 923 1638 enim
947 1574 1085 1658 optabat
1108 1596 1128 1638 a
1152 1574 1298 1638 Domino
1320 1573 1394 1638 Deo
1417 1584 1530 1638 nostro
1550 1587 1660 1636 curam
1684 1590 1778 1636 suam
1803 1571 1835 1634 in

486 1693 567 1756 alios
585 1694 686 1757 dividi
708 1704 741 1758 et
762 1695 823 1758 sibi
838 1673 1074 1778 ⁸cooperatores
1090 1696 1169 1772 dari,
1186 1705 1219 1758 et
1239 1695 1403 1758 Dominus
1420 1693 1450 1757 ei
1474 1698 1702 1777 cooperatores
1722 1689 1836 1769 dedit;

484 1816 532 1878 sic
554 1835 674 1894 revera,
689 1816 715 1879 si
740 1826 865 1880 rectum
890 1817 953 1881 Dei
977 1816 1084 1880 zelum
1106 1815 1255 1895 haberes,
1270 1815 1370 1880 aliurn
1391 1827 1524 1898 optares
1545 1829 1705 1896 occupare
1726 1813 1836 1876 locum

473 1946 520 2014 ‚pet
547 1935 689 2000 officium
717 1947 820 2015 tuum,
844 1940 934 2021 quod
962 1949 997 2002 tu
1029 1939 1166 2019 ignavus
1195 1957 1345 2020 occupas,
1368 1937 1424 2000 ubi
1450 1936 1534 2000 alius
1560 1934 1697 2018 duplare
1723 1941 1836 2016 posset

486 2058 657 2122 servicium
686 2057 820 2121 Domini
850 2058 913 2124 Dei
942 2060 972 2122 in
1003 2058 1144 2122 salutem
1174 2059 1357 2122 animarum
1383 2059 1494 2133 verbo,
1517 2067 1551 2120 et
1578 2056 1674 2132 sacto,
1699 2064 1732 2120 et
1756 2055 1836 2118 doc·

486 2179 580 2252 trina,
598 2179 795 2262 perficiendo
819 2180 1051 2263 multipliciter.
1097 2179 1218 2244 Paulus
1241 2181 1329 2243 enim
1352 2180 1577 2243 sanctissimus
1597 2176 1835 2240 Thimotheum

487 2301 677 2382 episcopum
698 2301 847 2379 instituit,
864 2303 941 2385 quia
961 2301 1141 2365 fideliorem
1166 2310 1200 2366 et
1222 2302 1431 2366 scienciorem
1455 2301 1500 2364 ibi
1525 2302 1568 2365 ad
1590 2299 1670 2363 illud
1693 2299 1837 2362 officium

488 2421 631 2485 invenire
651 2442 715 2485 non
737 2423 855 2506 potuit.
904 2423 1004 2488 Unde
1021 2423 1105 2487 hanc
1121 2423 1312 2486 divisionem
1329 2444 1415 2487 curae
1435 2423 1617 2486 animarum
1638 2421 1670 2482 in
1691 2419 1837 2483 diversos

486 2541 637 2606 hortatur
660 2541 803 2607 Sanctus
824 2543 923 2622 Beda,
940 2545 1056 2608 doctor
1071 2543 1257 2626 Anglorum
1280 2545 1311 2606 in
1332 2542 1483 2626 Epistola
1505 2564 1564 2606 sua
1586 2543 1629 2605 ad
1652 2539 1837 2623 Egbertum

488 2663 678 2744 episcopum
697 2661 1016 2740 Lindiffarniensem,
1035 2663 1207 2728 manifesta
1226 2665 1313 2728 enirn
1334 2664 1420 2727 mala
1439 2683 1560 2747 magna
1581 2672 1614 2726 et
1634 2661 1775 2744 plurima
1792 2679 1836 2723 ex

487 2781 549 2846 hac
573 2782 761 2866 pluralitate
783 2785 992 2849 ecclesiarum
1016 2796 1050 2849 et
1072 2786 1251 2849 officiorum
1275 2796 1438 2849 secuntur.

576 2903 739 2987 Quartum
771 2905 893 2970 flumen
926 2907 1094 2970 Babilonis
1124 2917 1158 2970 et
1188 2907 1395 2986 confusionis,
1421 2906 1561 2970 salutern
1592 2905 1775 2969 animarum
1803 2912 1837 2968 et

489 3024 630 3108 plurima
656 3046 757 3109 opera
782 3026 870 3091 bona
897 3029 1079 3106 destruens,
1102 3037 1153 3092 est
1178 3028 1406 3111 appropriacio
1430 3026 1649 3092 ecclesiarum.
1695 3023 1750 3088 Ex
1773 3023 1838 3088 ista

488 3147 758 3229 appropriacione
785 3159 967 3230 sequuntur
994 3169 1114 3231 magna
1139 3159 1173 3213 et
1200 3149 1340 3231 plurima
1367 3148 1463 3226 mala,
1489 3147 1672 3212 destruccio
1700 3143 1776 3210 cleri
1803 3151 1839 3210 et

488 3267 695 3332 studencium
734 3267 892 3342 delectus,
921 3279 953 3332 et
984 3270 1119 3352 penuria
1153 3269 1342 3334 clericorum
1381 3270 1570 3332 immediate
1607 3288 1694 3332 curae
1731 3267 1838 3330 inten-

489 3387 651 3462 dencium,
671 3389 762 3452 verbi
787 3388 849 3452 Dei
874 3389 1043 3453 silencium
1068 3399 1101 3454 et
1123 3389 1245 3454 oblivio
1267 3411 1326 3472 per
1348 3391 1513 3455 desectum
1537 3388 1781 3472 praedicacionis
1804 3397 1838 3450 et

488 3629 634 3712 singulas
662 3630 817 3694 ecclesias
843 3631 1050 3714 presbiteros
1077 3652 1142 3694 non
1172 3633 1251 3696 dicit
1282 3653 1340 3715 per
1368 3631 1512 3714 singulas
1542 3641 1576 3695 et
1605 3650 1665 3712 per
1694 3629 1838 3692 diversas

488 3750 641 3814 ccclesias
668 3752 899 3815 ordinaverunt
924 3771 1025 3814 unum
1052 3753 1257 3816 sacerdotem
1288 3773 1345 3816 seu
1371 3761 1530 3816 rectorem
1559 3753 1754 3824 animarum,
1779 3747 1838 3812 sed

489 3871 521 3933 in
552 3871 687 3954 singulis
718 3872 862 3936 ecclesiis
891 3873 1124 3936 ordinaverunt
1155 3873 1299 3956 singulos
1329 3885 1479 3946 rectores,
1504 3881 1537 3936 et
1564 3871 1702 3954 quilibet
1733 3881 1840 3934 rector

488 3990 635 4055 habebat
660 3993 815 4071 decimas,
841 4014 899 4057 seu
926 3992 982 4075 jus
1007 3993 1207 4076 percipiendi
1235 3995 1390 4072 decimas,
1414 4004 1448 4058 et
1474 3993 1586 4057 omnia
1610 3993 1699 4055 bona
1725 3990 1839 4054 debita

488 4112 582 4176 altari
603 4113 646 4175 ab
662 4113 815 4176 omnibus
830 4114 885 4196 qui
902 4135 988 4178 curae
1010 4114 1096 4177 illius
1119 4113 1335 4198 subjacebant
1358 4116 1390 4178 in
1414 4135 1472 4178 sua
1489 4112 1662 4197 parochia3
1687 4113 1732 4174 ita
1748 4111 1837 4193 quod

488 4233 520 4294 in
548 4243 697 4316 tempore
721 4236 944 4317 apostolorum
974 4234 1033 4299 suit
1062 4235 1177 4299 divisio
1204 4236 1343 4319 plurium
1371 4235 1607 4318 parochiarum,
1631 4231 1782 4315 quamvis
1806 4231 1838 4293 in
