4378 4936
731 377 829 433 LOCI
855 378 884 430 E
913 376 1037 430 LIBRO
1073 373 1330 429 VERJTATour.
1649 385 1707 452 139

353 591 468 675 jubilei
495 614 595 676 quarn
626 593 797 658 visitantes
822 593 967 656 Romam
994 591 1189 668 habuerunt,
1212 612 1256 654 ex
1287 590 1497 655 concessione
1529 612 1624 675 papae
1648 591 1707 655 Ni-

357 713 464 778 cholai
486 715 601 796 quinti,
616 714 793 796 Jannensis
816 713 959 792 natione,
974 712 1066 796 cujus
1088 733 1208 777 nomen
1229 721 1308 776 ante
1328 721 1488 795 papatum
1503 711 1564 777 fuit
1581 713 1709 778 Doctor

357 833 506 899 Thomas
528 836 571 899 de
596 835 773 900 Sarazano.

444 966 481 1034 [p.
494 966 548 1032 67.]
579 957 665 1021 Novi
689 957 777 1021 enim
799 977 900 1020 unum
922 955 1065 1034 fratrem,
1081 956 1196 1019 ordine
1216 954 1351 1017 fratrum
1374 953 1635 1037 praedicatorum,
1653 955 1709 1038 qui

358 1076 455 1140 valde
478 1077 583 1141 malus
606 1078 639 1141 in
658 1078 768 1142 verbis
791 1087 824 1142 et
846 1078 975 1142 actibus
999 1076 1068 1152 suit,
1089 1075 1145 1158 qui
1169 1075 1255 1139 dixit
1277 1074 1446 1138 hominem
1471 1096 1536 1139 non
1560 1076 1709 1140 damnari

359 1218 420 1280 pro
441 1197 655 1262 fornicatione
675 1197 835 1282 simplici3
860 1207 894 1263 et
910 1198 985 1262 novi
1005 1199 1095 1280 quod
1112 1196 1174 1260 suit
1196 1196 1328 1280 publice
1348 1196 1656 1261 excommunicatus
1677 1197 1709 1261 in

360 1317 504 1401 capitulo
526 1319 672 1402 generali
694 1319 831 1383 sratrum
854 1319 1108 1401 praedicatorum
1133 1318 1165 1380 in
1190 1316 1315 1401 Anglia
1337 1337 1424 1381 anno
1449 1330 1542 1400 1455.

446 1449 486 1515 [p.
504 1449 555 1516 ῃ]
601 1441 640 1503 In
663 1461 751 1504 anno
773 1439 909 1504 Domini
928 1453 1019 1522 1450,
1036 1439 1170 1522 quando
1194 1458 1315 1521 magna
1337 1438 1530 1502 insurrectio
1552 1436 1640 1502 lacta
1661 1447 1711 1502 est

361 1560 394 1623 in
421 1559 546 1643 Anglia
571 1582 630 1645 per
653 1562 771 1644 vulgus
796 1571 829 1625 et
857 1583 917 1644 per
942 1561 1215 1625 communitatem
1243 1559 1377 1640 Angliae
1403 1558 1436 1622 in
1464 1557 1596 1637 Cancia,
1622 1568 1655 1623 et
1679 1559 1713 1622 in

360 1680 434 1744 aliis
457 1680 592 1765 Angliae
618 1683 777 1765 partibus,
800 1703 884 1745 unus
908 1683 958 1744 vir
981 1681 1085 1745 Belial
1108 1679 1209 1762 juxta
1230 1679 1342 1743 villam
1366 1680 1515 1762 Nubery‚
1540 1680 1713 1744 intendens

361 1802 581 1866 concumbere
607 1823 681 1866 cum
709 1799 774 1866 una
799 1802 911 1887 puella
936 1801 970 1884 xj
999 1823 1160 1866 annorum
1187 1801 1220 1864 in
1248 1809 1356 1880 aetate,
1384 1821 1460 1865 cum
1487 1800 1622 1864 cultello
1652 1822 1713 1864 suo

361 1923 459 1986 scidit
489 1924 675 1987 membrum
697 1932 859 1988 secretum
886 1933 919 1988 et
942 1932 1092 1988 ventrem
1115 1921 1245 2006 puellae,
1270 1930 1306 1985 ut
1334 1941 1429 1985 suam
1453 1921 1605 2004 impleret
1638 1941 1713 1985 cum

362 2041 420 2106 illa
450 2042 630 2120 libidinem,
660 2045 739 2126 quia
769 2045 865 2108 aliter
895 2064 960 2108 non
991 2045 1109 2126 potuit,
1136 2054 1170 2108 et
1199 2044 1265 2108 cito
1295 2052 1413 2128 posttea
1443 2041 1553 2125 puella
1584 2051 1715 2105 mortua

363 2173 437 2240 est;
468 2172 502 2227 et
531 2164 602 2247 ipse
630 2165 679 2227 vir
709 2164 822 2242 Belial,
853 2165 873 2229 i.
890 2187 917 2229 e.
949 2165 1020 2228 sine
1046 2164 1127 2248 jugo
1160 2164 1303 2240 rationis,
1339 2163 1371 2225 in
1404 2163 1538 2228 Oxonia
1572 2163 1714 2226 incarce-

364 2293 454 2347 ratus
478 2293 548 2362 est;
579 2293 613 2348 et
639 2285 686 2348 sic
712 2287 789 2368 quia
816 2306 881 2349 non
908 2286 1017 2368 potuit
1043 2285 1180 2369 implere
1203 2285 1411 2368 voluptatem
1437 2305 1533 2348 suam
1560 2305 1636 2348 cum
1660 2283 1716 2347 illa

363 2404 473 2486 puella
504 2405 538 2486 xj
575 2425 734 2468 annorum
765 2407 919 2471 intrando
953 2407 985 2470 in
1016 2427 1099 2482 eam,
1129 2407 1205 2470 ideo
1240 2405 1374 2470 cultello
1410 2406 1520 2470 divisit
1553 2413 1587 2469 et
1620 2405 1717 2469 scidit

364 2526 550 2589 membrum
577 2535 738 2590 secretum
761 2527 880 2610 puellae
903 2538 937 2593 et
960 2537 1129 2592 ventrem:
1160 2548 1235 2591 cum
1263 2528 1350 2591 enim
1379 2547 1430 2591 res
1456 2527 1546 2590 venit
1572 2525 1604 2588 in
1631 2525 1716 2589 inor-

364 2645 516 2712 dinatum
539 2646 702 2725 affectum,
727 2649 812 2730 perit
835 2649 969 2712 rationis
989 2648 1159 2731 judicium,
1182 2659 1219 2713 ut
1242 2649 1348 2730 inquit
1372 2647 1515 2713 Sanctus
1537 2645 1716 2729 Gregorius

366 2767 399 2830 in
430 2766 583 2845 Omelia3
617 2776 651 2831 et
683 2767 774 2832 Deus
804 2770 875 2844 scit,
899 2771 988 2851 quod
1021 2790 1083 2851 ego
1113 2771 1220 2849 credo,
1251 2769 1340 2852 quod
1376 2767 1526 2834 desectus
1554 2768 1718 2831 bonorum

366 2898 554 2952 curatorum
582 2890 614 2952 in
638 2890 774 2954 ecclesia
798 2901 848 2954 est
871 2912 969 2955 causa
993 2891 1153 2956 malorum
1177 2913 1252 2974 quae
1276 2901 1413 2975 regnant
1432 2891 1502 2973 jam
1526 2890 1558 2952 in
1581 2887 1716 2971 Augila,

366 3019 400 3073 et
440 3010 472 3071 in
507 3030 608 3092 regno
639 3009 781 3094 Angliae,
815 3013 904 3094 quod
944 3033 1048 3095 nuper
1083 3014 1226 3095 perdidit
1260 3023 1366 3077 totam
1400 3010 1650 3085 Normanniam,
1684 3019 1718 3073 et

366 3129 609 3212 Andegaviam‚
624 3141 659 3195 et
676 3130 922 3210 Cenomaniam,
942 3143 975 3197 et
991 3133 1189 3198 Vasconiam
1212 3136 1283 3198 sine
1304 3133 1488 3198 resistentia
1508 3131 1596 3196 sacta
1616 3130 1718 3192 Fran·

367 3251 491 3334 cigenis
513 3259 547 3314 et
571 3250 642 3314 sine
665 3261 763 3334 pacto
785 3273 842 3316 seu
867 3251 1076 3319 conclusione
1099 3256 1189 3337 pacis
1212 3255 1382 3319 habendae.

455 3380 491 3447 [p.
509 3379 561 3444 86]
607 3379 724 3440 Maria.
771 3371 913 3456 Semper
939 3375 1027 3438 enim
1049 3376 1241 3440 beatissima
1264 3376 1371 3442 Maria
1398 3384 1448 3440 est
1474 3372 1627 3438 terribilis
1649 3373 1718 3436 dae-

369 3493 531 3570 monibus,
558 3493 642 3558 sicut
675 3503 725 3558 est
754 3495 909 3559 terribilis
935 3505 1116 3560 castrorum
1146 3498 1234 3561 acies
1264 3497 1427 3561 debilibus
1457 3493 1717 3577 pugnatoribus;

369 3612 581 3677 consimiliter
610 3623 721 3697 potest
749 3616 814 3679 dici
845 3617 887 3680 de
914 3617 1063 3698 quolibet
1089 3628 1213 3698 sancto,
1236 3619 1328 3701 cujus
1355 3616 1478 3687 meritis
1505 3625 1538 3684 et
1568 3614 1720 3702 precibus

368 3733 500 3797 ducitur
529 3735 661 3798 daemon
691 3757 711 3799 a
742 3757 913 3819 possesso;
944 3738 1029 3808 sicut
1059 3759 1163 3822 nuper
1191 3740 1267 3803 novi
1298 3739 1450 3814 Oxoniae,
1482 3736 1567 3800 circa
1595 3755 1719 3802 annum

370 3854 517 3918 Domino
548 3862 596 3918 m⁰
624 3863 713 3920 cccc⁰
739 3857 772 3937 1⁰,
804 3868 837 3922 et
871 3859 955 3923 circa
985 3880 1110 3923 annum
1142 3860 1277 3927 Domini
1307 3867 1355 3922 m⁰
1381 3865 1469 3922 cccc⁰
1495 3857 1553 3940 lij0,
1584 3855 1719 3940 quando

370 3973 559 4039 hominibus
597 3977 767 4042 orantibus
804 3980 846 4042 ad
890 3979 1049 4045 Sanctam
1088 3982 1262 4064 Brigittam
1298 3980 1432 4044 viduam
1469 3979 1645 4061 quondam,
1686 3987 1720 4042 et

370 4097 598 4179 principissam
626 4097 762 4173 Sueciae‚
788 4101 862 4164 novi
889 4101 994 4164 virum
1021 4104 1165 4184 graviter
1192 4101 1379 4166 mentaliter
1401 4110 1561 4164 vexatum
1587 4098 1720 4163 horrore

371 4226 406 4280 et
428 4216 547 4282 timore
570 4239 628 4300 per
644 4218 828 4285 Sathanam
852 4223 1008 4302 immisso,
1030 4245 1129 4306 quem
1152 4225 1227 4288 novi
1252 4234 1330 4289 tunc
1350 4223 1462 4288 subito
1485 4221 1658 4286 liberatum
1677 4221 1720 4285 ab

1021 4341 1043 4388 τ
1061 4344 1078 4390 2
