4378 4936
730 428 828 482 LOCI
854 429 884 482 E
911 429 1037 484 LIBRO
1072 431 1331 486 VERITATUM.
1651 436 1711 507 135

356 644 489 722 deliciis,
520 652 553 707 et
583 642 638 705 alii
667 642 813 706 officiarii
849 642 969 725 quibus
999 645 1086 707 vices
1117 666 1192 708 suas
1226 647 1437 709 committant
1471 667 1571 729 opera
1605 667 1710 729 pauca

357 765 480 830 faciunt
504 765 637 828 nomine
660 785 781 827 eorum.

445 896 484 962 [p.
503 895 556 958 aa]
602 885 690 958 Noli,
718 886 807 966 quod
834 887 1047 950 destruantur
1072 886 1129 950 illa
1155 907 1230 968 quae
1259 887 1374 950 fierent
1401 907 1460 969 per
1485 887 1540 951 illa
1563 888 1650 951 bona
1677 889 1709 950 in

358 1007 513 1091 parochia
538 1025 599 1089 per
620 1016 779 1081 curatum,
804 1007 855 1070 cui
886 1006 942 1069 illa
972 1007 1060 1070 bona
1091 1008 1171 1071 data
1200 1019 1294 1071 erant
1324 1019 1459 1090 propter
1488 1009 1576 1072 bona
1602 1008 1711 1072 fienda

358 1147 468 1192 coram
491 1126 707 1212 parochianis,
731 1137 764 1190 et
787 1128 912 1190 eisdem
934 1128 1150 1210 parochianis,
1166 1137 1200 1191 et
1221 1149 1280 1211 pro
1302 1129 1436 1205 eisdem,
1458 1148 1502 1193 sc.
1517 1128 1710 1212 exemplum

358 1259 519 1324 sanctum,
540 1249 662 1311 devota
684 1249 798 1325 oratio,
822 1249 980 1326 doctrina,
1002 1269 1120 1311 sanum
1143 1248 1324 1327 consilium,
1343 1258 1377 1312 et
1401 1250 1546 1313 remedia
1568 1258 1712 1332 tempta·

357 1369 495 1446 tionum,
517 1368 735 1451 hospitalitas,
757 1377 790 1431 et
810 1368 999 1448 elemosina,
1018 1379 1052 1433 et
1073 1369 1240 1433 exhibitio
1260 1369 1418 1452 juvenum
1439 1370 1482 1434 ad
1504 1371 1613 1434 studia
1640 1371 1720 1434 lite-¹

358 1510 476 1568 rarum,
494 1499 531 1553 ut
554 1500 661 1553 rector
683 1489 830 1553 ecclesiae
852 1489 942 1554 dicat
964 1511 1039 1562 cum
1062 1490 1136 1571 Job,
1159 1489 1304 1554 ‘Oculus
1326 1489 1372 1553 lui
1396 1511 1492 1568 caeco,
1516 1489 1588 1554 etc.’

444 1619 508 1684 [m]
554 1610 649 1689 Item,
676 1610 755 1692 quia
787 1631 830 1673 ex
861 1610 1044 1674 fundatoris
1073 1610 1245 1674 voluntate
1276 1611 1500 1675 ministrarent
1529 1612 1712 1675 necessaria

358 1731 503 1794 subsidia
534 1730 767 1812 indigentibus,
796 1740 955 1813 tanquam
986 1732 1230 1814 dispensatores
1263 1731 1425 1795 bonorum
1457 1734 1711 1796 mundanorum.

360 1852 456 1929 Item,
487 1860 564 1914 sunt
595 1850 812 1914 elemosinarii
843 1852 1125 1933 parochianorum,
1156 1864 1188 1916 et
1218 1873 1351 1915 suorum
1382 1851 1605 1931 fundatorum,
1635 1855 1712 1934 quia

359 1993 424 2036 non
449 1971 634 2035 habuerunt
658 1971 721 2034 ista
745 1993 788 2034 ex
806 1971 880 2053 jure
902 1974 1077 2050 communi,
1102 1994 1161 2037 nec
1184 1995 1228 2038 ex
1249 1973 1322 2055 jure
1344 1973 1562 2051 haereditario,
1584 1976 1642 2037 sed
1668 1995 1711 2037 ex

359 2094 539 2157 donatione
565 2113 687 2168 eorum,
711 2093 767 2173 qui
792 2092 879 2156 bona
903 2093 958 2156 illa
984 2094 1148 2158 dederunt
1171 2093 1235 2157 illis
1261 2095 1293 2158 in
1318 2113 1434 2176 puram
1458 2105 1491 2158 et
1518 2105 1711 2177 perpetuam

359 2213 584 2278 elemosinam.
631 2212 699 2278 Sed
724 2212 867 2277 Sanctus
891 2214 991 2293 Beda,
1015 2216 1048 2278 in
1071 2215 1223 2298 Epistola
1246 2215 1289 2279 ad
1314 2215 1499 2297 Egbertum
1521 2216 1712 2298 episcopum

359 2335 517 2412 hortatur,
542 2345 579 2398 ut
607 2354 666 2397 rex
693 2354 753 2416 per
778 2335 970 2399 instantiam
995 2336 1140 2419 episcopi
1168 2336 1216 2398 sui
1239 2335 1359 2412 videat,
1382 2336 1471 2417 quod
1499 2336 1628 2400 dotatio
1655 2337 1713 2400 do·

360 2475 489 2518 morum
513 2455 739 2537 religiosarum
766 2457 809 2520 sit
840 2457 885 2521 ita
913 2466 1112 2532 mensurata,
1140 2457 1229 2538 quod
1255 2456 1418 2520 sufficiant
1444 2467 1540 2520 terrae
1563 2466 1597 2520 et
1621 2467 1713 2521 tene·

361 2585 473 2640 menta
503 2595 563 2658 pro
595 2576 754 2640 militibus
787 2587 820 2641 et
852 2577 925 2640 aliis
955 2577 1155 2642 secularibus
1189 2578 1245 2659 qui
1277 2585 1381 2640 terras
1415 2575 1647 2652 inhabitarent,
1680 2587 1713 2642 et

359 2697 416 2779 qui
442 2717 580 2779 regnum
606 2697 650 2760 ad
681 2697 819 2761 inimicis
846 2698 1073 2762 defenderent.
1128 2696 1195 2761 Sed
1227 2707 1306 2761 tunc
1326 2698 1465 2761 ‘domus
1494 2698 1651 2762 orationis
1681 2699 1713 2761 in

360 2817 517 2899 spelunco
540 2817 704 2881 latronum
727 2818 882 2896 vertitur‚’
904 2839 1007 2902 quum
1030 2819 1096 2882 vile
1118 2817 1298 2901 palliolum,
1326 2818 1345 2880 i.
1359 2839 1386 2882 e.
1412 2818 1554 2899 religiosi
1578 2819 1610 2882 in
1635 2821 1714 2881 sirn-

360 2939 436 3021 plici
459 2938 583 3012 habitu,
608 2939 778 3020 possident
803 2959 915 3020 regum
939 2961 1029 3022 opes.

448 3058 514 3141 Qui
537 3059 624 3122 enim
649 3059 817 3122 licenciam
840 3060 941 3123 habet
965 3081 1020 3124 seu
1045 3061 1330 3144 dispensacionem
1352 3059 1487 3136 videret,
1504 3079 1545 3122 ne
1570 3059 1713 3123 licenciae

361 3201 429 3242 suae
451 3200 528 3242 usus
547 3180 599 3243 vel
621 3181 742 3242 abusus
760 3181 803 3244 sit
822 3180 913 3244 laesio
931 3182 982 3243 vel
1003 3202 1102 3246 causa
1123 3182 1224 3244 ruinae
1246 3180 1278 3242 in
1298 3188 1474 3262 peccatum
1497 3181 1557 3242 sibi
1582 3180 1644 3262 ipsi
1660 3180 1713 3242 vel

360 3300 441 3376 aliis,
467 3301 551 3364 sicut
581 3301 742 3364 habentes
775 3300 942 3365 licentiam
973 3322 1039 3365 non
1071 3302 1233 3366 residendi
1264 3303 1296 3364 in
1327 3301 1412 3364 curis
1439 3301 1506 3362 suis
1537 3309 1570 3363 et
1600 3300 1714 3364 officiis

359 3429 480 3485 vacant
502 3419 627 3486 deliciis
649 3421 716 3485 suis
739 3422 772 3484 in
797 3442 911 3503 regum
935 3422 1089 3485 domibus
1113 3431 1146 3484 et
1170 3421 1379 3484 dominorum
1404 3420 1655 3496 mundanorum,
1681 3431 1714 3483 ct

360 3540 539 3605 honoribus
567 3542 742 3606 mundanis
764 3552 903 3617 tument,
928 3553 961 3606 et
984 3544 1046 3606 sibi
1076 3552 1271 3606 coacervant
1295 3541 1457 3618 ecclesias,
1481 3551 1514 3604 et
1541 3540 1657 3618 officia,
1680 3549 1714 3604 et

360 3659 517 3726 anhelant
539 3662 582 3726 ad
604 3672 637 3726 et
660 3664 879 3745 episcopatus,
902 3673 935 3726 et
957 3664 1000 3726 ad
1024 3663 1142 3726 altiora
1164 3681 1265 3745 quam
1290 3659 1424 3739 habent,
1444 3669 1477 3723 et
1501 3660 1715 3724 consimiliter

360 3781 521 3846 habentes
547 3783 702 3847 ecclesias
723 3783 953 3866 appropriatos
975 3805 1020 3848 ex
1043 3783 1176 3847 licentia
1203 3781 1426 3863 multiplicant
1449 3779 1510 3843 sibi
1534 3781 1629 3862 plura
1651 3781 1714 3844 ler-

361 3903 443 3982 cula,
459 3913 493 3967 et
512 3913 648 3967 omatus
670 3903 861 3986 superfluos,
887 3914 920 3968 et
943 3902 1091 3968 convivia
1112 3903 1331 3979 dominorum,
1352 3910 1385 3965 et
1413 3900 1500 3964 dona
1524 3901 1658 3978 eisdem,
1681 3909 1715 3966 et

361 4023 526 4104 parochiae
552 4023 763 4088 ecclesiarum
791 4025 838 4088 eis
863 4023 1148 4109 approprietarum
1173 4030 1320 4106 pereunt,
1344 4031 1377 4084 et
1401 4031 1495 4084 tanta
1518 4023 1714 4104 expendunt

361 4143 395 4206 in
414 4143 516 4222 vanis,
533 4145 610 4227 quia
636 4165 701 4208 non
723 4155 861 4226 possunt
881 4146 1081 4210 sufficienter
1103 4144 1257 4227 perficere
1279 4162 1318 4205 ea
1338 4163 1413 4223 quae
1434 4141 1588 4221 lacerent,
1605 4153 1637 4207 et
1659 4144 1714 4207 illa

361 4283 436 4344 quae
463 4265 510 4328 sic
536 4267 732 4348 expendunt
756 4266 850 4347 plura
874 4266 962 4330 bona
987 4265 1056 4330 fieri
1081 4274 1227 4346 possunt,
1251 4284 1325 4345 quae
1349 4261 1420 4344 jam
1444 4275 1592 4345 pereunt.
