4322 4936
715 415 815 468 LOCI
840 415 870 468 E
897 414 1023 469 LIBRO
1059 413 1318 470 VERITATUM.
1635 407 1692 470 181

427 640 463 706 [p.
485 639 556 704 432]
609 627 835 694 Consimiliter
864 629 1013 694 Thomas
1050 629 1213 706 Amndel,
1247 629 1511 714 archiepiscopus
1549 627 1696 697 Cantua-

342 751 455 816 riensis
481 753 538 834 qui
565 751 626 815 suit
650 753 684 814 in
709 752 814 835 gradu
842 753 1016 816 scolastico
1041 751 1186 817 Oxoniae
1212 751 1407 816 bacallarius
1433 752 1576 818 Arcium·
1599 752 1697 816 liber·

339 873 451 948 alium,
479 874 513 936 in
543 874 682 938 concilio
711 872 911 956 provinciale
942 872 1189 937 Cantuariensis
1220 874 1404 956 provinciae,
1429 895 1505 938 cum
1535 894 1695 939 consensu

341 994 490 1074 ejusdem
517 993 766 1058 convocacionis
796 995 1005 1076 provincialis
1034 993 1290 1073 Cantuariensis,
1314 993 1393 1058 lecit
1423 995 1696 1059 constitucionem

340 1115 584 1198 provincialem,
607 1116 698 1198 quod
729 1114 845 1189 nullus,
871 1136 937 1179 non
963 1115 1197 1198 privilegiatus,
1221 1135 1282 1178 nec
1305 1136 1325 1178 a
1345 1115 1417 1196 jure
1444 1115 1611 1180 communi
1638 1115 1697 1178 ad-

342 1236 469 1312 missus,
492 1235 687 1318 praedicaret
710 1235 743 1298 in
766 1235 878 1318 aliquo
901 1235 974 1299 loco
999 1234 1245 1299 Cantuariensis
1267 1235 1452 1318 provinciae,
1476 1235 1537 1300 nisi
1560 1234 1697 1299 haberet

340 1355 511 1420 licenciam
536 1356 585 1420 sui
610 1357 754 1438 episcopi
780 1356 947 1420 diocesani
975 1357 1132 1438 scriptam
1156 1365 1190 1419 et
1213 1355 1321 1439 sigillo
1344 1356 1489 1439 episcopi
1511 1356 1695 1439 signatam3

342 1489 377 1541 et
403 1487 521 1559 postea
547 1479 648 1541 verbo
676 1478 740 1540 Dei
767 1478 813 1542 sic
843 1478 956 1560 ligato,
983 1488 1017 1541 et
1047 1477 1195 1560 pluribus
1225 1477 1322 1540 malis
1347 1497 1392 1540 ex
1418 1476 1481 1541 hoc
1511 1478 1544 1542 in
1570 1476 1697 1560 Anglia

343 1597 577 1681 multiplicatis,
608 1598 754 1681 episcopi
785 1599 880 1681 quasi
911 1599 1018 1662 nullos
1052 1598 1095 1662 ad
1128 1598 1376 1681 praedicandum
1407 1599 1575 1678 miserunt,
1606 1607 1639 1662 et
1669 1599 1696 1662 si

341 1740 425 1802 quos
449 1740 508 1802 per
530 1719 726 1784 instanciam
752 1719 948 1784 secularium
972 1719 1116 1783 virorum
1142 1719 1356 1794 admiserunt,
1379 1739 1517 1802 magnas
1542 1720 1698 1802 pecunias

341 1859 402 1922 pro
432 1840 499 1903 suis
524 1840 642 1903 litteris
668 1851 702 1904 et
728 1840 837 1922 sigillo
863 1841 1047 1922 exigerunt,
1072 1849 1107 1903 et
1137 1848 1338 1921 receperunt,
1364 1848 1398 1902 et
1427 1840 1552 1904 dabant
1582 1841 1697 1922 paucis

342 1960 522 2039 licenciam,
546 1969 579 2024 et
606 1971 736 2025 tantum
759 1981 835 2024 cum
862 1961 925 2025 hac
951 1961 1104 2038 clausula,
1127 1960 1303 2042 ‘quamdiu
1327 1959 1422 2022 nobis
1444 1960 1605 2042 placuerit
1616 1957 1636 2040 3'
1663 1971 1697 2026 et

343 2083 389 2145 sic
415 2082 516 2144 verbo
539 2080 604 2144 Dei
631 2091 709 2145 tunc
736 2083 781 2145 sic
804 2081 949 2163 alligat0‚
972 2082 1061 2145 idem
1088 2079 1353 2164 archiepiscopus
1376 2079 1527 2144 Arundel
1550 2083 1597 2146 ita
1623 2103 1697 2164 per-

343 2221 456 2264 cussus
481 2202 513 2265 in
537 2211 672 2284 gutture
696 2201 765 2278 suit,
790 2203 878 2283 quod
907 2222 1077 2284 nunquam
1102 2222 1207 2283 usque
1233 2203 1275 2264 ad
1302 2212 1442 2266 mortem
1465 2222 1560 2266 suam
1588 2203 1697 2285 potuit

344 2321 507 2403 deglutire
538 2342 598 2385 nec
624 2321 724 2405 loqui,
751 2331 784 2385 et
814 2323 869 2399 sic,
891 2325 947 2405 qui
973 2324 1111 2386 verbum
1138 2322 1203 2385 Dei
1230 2321 1341 2404 lingua
1370 2343 1431 2386 sua
1459 2324 1640 2406 suspendit,
1664 2325 1697 2386 in

345 2441 456 2525 lingua
485 2463 546 2505 sua
575 2443 696 2525 ligatus
726 2441 788 2506 suit
817 2444 951 2525 quando
982 2443 1072 2525 loqui
1104 2443 1251 2507 maxime
1280 2454 1359 2507 ante
1389 2453 1530 2507 mortem
1558 2446 1697 2526 optavit.

346 2563 462 2626 Homo
486 2564 574 2627 enim
601 2583 667 2626 non
692 2563 876 2644 imponeret
900 2563 1067 2627 silentium
1090 2563 1243 2626 omnibus
1266 2565 1455 2628 doctoribus
1477 2575 1510 2628 et
1535 2565 1697 2650 episcopis

344 2685 496 2765 eoquod
519 2684 629 2765 plures
651 2685 694 2747 de
716 2685 863 2766 utrisque
886 2685 1029 2749 haeretici
1052 2684 1182 2747 suerunt

431 2814 469 2880 [p.
492 2813 564 2879 437]
611 2803 841 2883 Consimiliter,
863 2806 1016 2869 doctores
1039 2817 1073 2870 et
1098 2805 1242 2889 episcopi
1269 2804 1346 2869 boni
1374 2807 1520 2870 dicerent
1546 2817 1580 2872 et
1612 2829 1697 2891 prae-

344 2926 492 2989 dicarent
526 2926 656 3008 regibus
687 2937 721 2988 et
750 2927 894 2990 dominis
929 2928 1114 3003 mundanis,
1146 2937 1183 2990 ut
1216 2927 1421 2991 dimitterent
1458 2929 1630 3011 episcopos
1663 2941 1698 2994 et

344 3051 488 3106 rectores
511 3051 546 3105 et
570 3041 710 3104 vicarios
733 3063 753 3105 a
779 3043 876 3106 curiis
899 3043 977 3119 suis,
1004 3052 1041 3106 ut
1068 3053 1156 3108 recte
1179 3043 1398 3108 sacrificarent
1425 3043 1486 3126 ipsi
1513 3055 1547 3108 et
1572 3045 1697 3110 subditi

344 3183 459 3226 eorum
491 3161 647 3226 Domino.
706 3163 812 3228 Recte
839 3165 926 3228 enim
953 3165 1181 3243 sacrificarent,
1204 3165 1230 3228 si
1253 3185 1354 3246 opera
1377 3184 1462 3228 curae
1484 3187 1553 3228 suae
1575 3166 1697 3244 debita,

344 3283 526 3348 residentes
549 3284 633 3347 inter
659 3284 809 3348 subditos
836 3306 922 3361 suos,
946 3285 1110 3364 facerent;
1145 3287 1229 3368 perit
1259 3286 1348 3348 enim
1374 3284 1521 3362 ecclesia,
1546 3287 1624 3369 quia
1647 3287 1697 3350 in·

345 3405 437 3486 digni
467 3414 545 3468 sunt
574 3405 716 3469 ordinati
748 3407 781 3468 in
815 3417 965 3488 pastores
997 3417 1031 3471 et
1061 3408 1233 3472 officiarios
1262 3407 1417 3485 ecclesiae,
1447 3418 1482 3471 et
1511 3409 1588 3490 quia
1619 3409 1696 3472 boni

344 3525 491 3608 episcopi
518 3535 551 3590 et
576 3528 679 3590 curati
708 3547 772 3591 non
800 3529 944 3592 resident
970 3549 1045 3592 cum
1072 3529 1223 3593 subditis.
1267 3529 1329 3592 Vae
1355 3527 1418 3592 hiis
1442 3529 1498 3610 qui
1525 3529 1697 3594 conserunt

346 3645 500 3709 ecclesias
529 3657 564 3710 et
594 3649 701 3711 officia
730 3649 836 3725 alicui,
861 3671 928 3714 non
955 3652 1130 3714 intendens
1153 3650 1376 3732 principaliter
1399 3660 1436 3714 ut
1459 3671 1560 3732 opera
1583 3651 1697 3715 debita

345 3786 457 3830 coram
481 3767 556 3832 Deo
581 3779 669 3832 recte
695 3771 843 3851 perficiat
869 3771 902 3834 in
928 3772 1048 3855 seipso,
1071 3783 1106 3836 et
1129 3773 1162 3834 in
1187 3771 1269 3848 aliis,
1292 3783 1341 3835 set
1365 3783 1402 3836 ut
1427 3773 1552 3837 ditetur
1578 3783 1612 3837 et
1636 3773 1697 3836 im·

346 3887 523 3969 pinguetur
545 3888 679 3967 deliciis,
701 3899 734 3953 et
756 3891 845 3972 quod
868 3891 1025 3956 dilatetur
1046 3892 1225 3956 honoribus
1249 3893 1432 3968 mundanis
1452 3903 1486 3957 et
1508 3894 1598 3976 quod
1621 3914 1696 3975 pro·

347 4016 457 4069 motus
486 4007 606 4072 serviat
636 4008 678 4071 de
708 4010 804 4073 bonis
834 4010 981 4075 ecclesiae
1012 4011 1058 4074 illi
1089 4013 1146 4095 qui
1176 4013 1354 4094 adquisivit
1384 4014 1413 4076 ei
1444 4013 1616 4079 ecclesiam
1644 4013 1696 4078 vel

345 4127 499 4206 officium,
517 4137 551 4192 et
573 4130 618 4192 sic
636 4131 706 4213 jam
728 4131 875 4196 ecclesiae
897 4143 931 4196 et
954 4134 1162 4216 episcopatus
1185 4143 1261 4197 sunt
1279 4134 1454 4217 pensiones
1475 4143 1509 4198 et
1529 4135 1697 4199 mercedes

345 4269 514 4312 servorum
545 4271 660 4332 regum
691 4261 724 4316 et
755 4255 964 4317 dominorum
995 4257 1248 4319 mundanorum.
1293 4255 1386 4319 Talis
1413 4265 1462 4321 est
1493 4255 1696 4335 maledictus,
