4378 4936
748 399 848 452 LOCI
873 399 903 452 E
931 399 1056 454 LIBRO
1090 399 1349 456 VERITATUM.
1665 391 1723 454 161

377 611 520 679 Romani
543 627 663 683 vocant
687 618 859 694 Callistum,
876 618 1011 702 Anglici
1034 627 1149 683 autem
1171 619 1282 701 plures
1303 628 1422 683 vocant
1445 639 1520 681 eum
1543 617 1726 684 Calixtum.

375 733 557 801 Praedictus
587 759 675 823 papa
700 739 899 804 Alexander
927 740 1063 822 quintus
1093 739 1155 803 suit
1184 739 1380 804 bacallarius
1410 759 1511 803 sacrae
1534 739 1727 824 Theologiae

376 854 520 921 Oxoniae
543 869 577 923 et
600 861 718 925 doctor
735 861 928 942 Theologiae
952 860 1091 938 Parisiis,
1112 871 1149 925 ut
1172 861 1242 943 ipse
1266 881 1362 944 papa,
1385 860 1419 922 in
1442 859 1580 925 concilio
1598 860 1726 936 Pisano,

374 976 462 1043 dixit
481 980 616 1045 domino
632 982 774 1046 Thomae
791 977 1099 1065 Spofforth,'abbati
1120 982 1266 1046 ecclesiae
1286 982 1488 1046 beatissimae
1503 981 1619 1046 Mariae
1635 983 1727 1047 Ebo-

375 1097 450 1174 raci,
474 1102 531 1183 qui
553 1101 708 1166 dominus
722 1103 871 1167 Thomas
893 1101 955 1167 suit
978 1103 1083 1167 eciam
1106 1105 1140 1166 in
1162 1103 1300 1167 concilio
1320 1103 1581 1168 Constanciensi.
1623 1103 1728 1167 Anno

375 1219 463 1282 enim
487 1219 579 1304 1378,
605 1245 695 1307 papa
723 1223 884 1307 Gregorio
906 1220 958 1306 xj⁰
982 1233 1112 1288 mortuo
1136 1223 1265 1301 Romae,
1291 1225 1376 1288 circa
1403 1223 1551 1288 medium
1576 1223 1728 1306 Quadra-

373 1339 517 1420 gesimae,
546 1345 730 1410 cardinales
753 1347 898 1410 Romani
926 1346 1087 1428 eligerunt
1117 1346 1150 1408 in
1176 1365 1299 1428 papam
1325 1344 1502 1409 Urbanum
1526 1355 1670 1423 sextum,
1693 1347 1727 1410 in

374 1463 525 1539 tempore
555 1460 647 1544 cujus
677 1463 804 1527 Urbani
835 1463 959 1546 incepit
989 1463 1100 1538 cisma,
1130 1461 1260 1526 finitum
1290 1461 1347 1524 diu
1377 1471 1495 1545 postea
1525 1462 1559 1524 in
1588 1462 1728 1526 concilio

373 1578 520 1660 generali
537 1579 746 1648 Constanciae
767 1584 943 1660 celebrat0,
959 1583 1094 1666 quando
1117 1603 1204 1665 papa
1221 1582 1385 1646 Martinus
1404 1581 1539 1664 quintus
1557 1580 1620 1645 suit
1642 1583 1728 1646 elec·

375 1706 429 1760 tus
456 1699 488 1762 in
511 1720 644 1784 papam,
668 1725 757 1769 anno
779 1705 859 1787 Jesu
881 1704 943 1768 Xti
969 1718 1061 1784 1417,
1084 1713 1118 1767 et
1140 1703 1243 1767 cisma
1269 1703 1392 1785 incepit
1416 1723 1474 1784 per
1496 1702 1681 1766 cardinales
1706 1723 1728 1765 a

374 1838 461 1900 papa
477 1819 616 1886 Urbano
638 1835 737 1889 sexto
759 1826 958 1902 recedentes,
973 1834 1007 1888 et
1031 1823 1239 1888 Clementem
1255 1823 1433 1905 septimum
1452 1821 1621 1904 eligentes,
1638 1843 1727 1886 anno

375 1937 436 2002 Xti
453 1939 534 2021 Jesu
555 1943 645 2028 1378,
667 1955 700 2011 et
720 1947 766 2011 sic
788 1947 869 2010 illud
893 1948 995 2010 cisma
1015 1945 1147 2009 duravit
1162 1943 1247 2008 ultra
1263 1961 1304 2026 39
1320 1963 1435 2006 annos.
1475 1941 1630 2007 Clemens
1650 1965 1726 2027 sep-

374 2058 475 2123 timus
497 2061 560 2127 ruit
581 2065 740 2150 antipapa
763 2069 795 2130 in
818 2078 969 2150 tempore
988 2065 1115 2131 Urbani
1135 2066 1232 2144 sexti,
1249 2075 1282 2129 et
1305 2073 1436 2128 mortuo
1454 2063 1593 2128 Urbano
1615 2074 1726 2139 sexto,

372 2178 499 2246 electus
523 2195 574 2249 est
599 2186 634 2250 in
660 2208 782 2270 papam
809 2189 1000 2252 Romanum
1024 2185 1213 2252 Bonisacius
1237 2206 1352 2263 nonus,
1378 2205 1466 2249 anno
1489 2184 1550 2248 Xti
1575 2182 1667 2267 1389,
1691 2194 1729 2249 et

373 2321 461 2366 anno
481 2322 572 2388 1391,
588 2308 793 2373 canonizavit
810 2309 943 2373 beatam
965 2308 1141 2390 Birgittam
1164 2307 1297 2370 viduam
1322 2315 1355 2370 et
1378 2305 1606 2388 principissam
1629 2306 1726 2368 Neri-

373 2423 441 2499 ciae,
466 2425 499 2487 in
527 2446 628 2508 regno
653 2427 791 2506 Sueciae,
817 2439 851 2492 et
878 2450 965 2492 anno
999 2428 1133 2491 Domini
1160 2446 1241 2505 1404
1268 2427 1350 2490 obiit
1373 2425 1561 2490 Boniiacius
1584 2427 1640 2503 ix⁸,
1667 2446 1726 2508 per

372 2551 505 2626 tempus
528 2545 662 2629 aliquod
687 2558 765 2612 ante
785 2549 905 2613 festum
933 2548 1112 2611 nativitatis
1135 2548 1203 2624 Xti,
1220 2557 1253 2611 et
1276 2548 1305 2610 ei
1328 2547 1485 2611 successit
1507 2547 1540 2608 in
1564 2555 1724 2628 papatum

373 2662 493 2728 Romae
517 2666 728 2734 Innocentius
760 2671 930 2752 septimus,
953 2669 1009 2751 qui
1039 2670 1124 2732 vixit
1155 2669 1289 2732 biennio
1318 2667 1371 2731 vel
1400 2667 1535 2742 circiter,
1561 2667 1616 2749 qui
1647 2665 1725 2730 iecit

372 2784 495 2848 multos
518 2789 708 2870 cardinales,
723 2800 758 2856 et
775 2791 848 2874 ipso
872 2790 1066 2855 Innocentio
1081 2789 1140 2872 vij⁰
1158 2799 1299 2867 mortuo,
1314 2788 1438 2853 electus
1461 2788 1523 2852 suit
1545 2787 1578 2850 in
1601 2807 1725 2870 papam

374 2903 494 2970 Romae
528 2907 706 2993 Gregorius
739 2913 808 2995 xij',
841 2932 918 2995 rege
948 2909 1144 2994 Aragonum
1177 2911 1380 2975 Fertinando
1418 2929 1493 2974 cum
1526 2930 1587 2972 suo
1622 2928 1725 2991 regno

372 3025 549 3094 obediente
577 3032 744 3116 antipapae
774 3033 873 3098 Petro
907 3032 951 3095 de
980 3031 1086 3108 Luna,
1117 3031 1287 3116 Aragono,
1319 3031 1376 3114 qui
1406 3029 1549 3094 vocabat
1577 3029 1724 3112 seipsum

371 3145 589 3215 Benedictum
617 3171 678 3237 133
709 3163 743 3219 et
772 3163 851 3219 tunc
878 3152 1059 3218 cardinales
1089 3154 1259 3237 utriusque
1292 3152 1403 3236 partis,
1429 3171 1473 3214 sc.
1499 3149 1647 3232 Gregorii
1673 3149 1721 3231 xij

372 3287 459 3353 papa
486 3272 649 3340 Romanae
672 3286 707 3364 et
729 3276 899 3342 Benedicti
924 3274 981 3357 xiij
1009 3275 1185 3358 antipapae,
1209 3276 1336 3358 seipsos
1364 3281 1573 3338 retraxerunt
1593 3271 1637 3334 ab
1663 3273 1725 3335 ad·

371 3387 519 3459 haesione
534 3406 568 3460 et
586 3398 780 3464 obediencia
798 3399 969 3480 utriusque
983 3417 1089 3480 papae,
1104 3397 1337 3460 convenientes
1355 3395 1389 3458 in
1404 3392 1577 3458 castellum
1593 3393 1723 3456 Pisanae

370 3513 519 3597 diocesis,
541 3519 716 3584 concilium
746 3519 900 3602 generale
927 3528 961 3582 et
993 3517 1176 3582 universale
1206 3517 1312 3582 tocius
1345 3515 1492 3580 ecclesiae
1521 3534 1582 3596 per
1611 3513 1722 3578 literas

371 3644 406 3700 et
426 3639 565 3704 nuncios
587 3649 858 3719 convocaverunt,
876 3651 913 3704 ut
934 3641 978 3703 ad
1001 3639 1123 3703 festum
1145 3638 1254 3702 beatae
1277 3638 1402 3716 Mariae,
1425 3657 1558 3720 semper
1577 3635 1721 3719 virginis

371 3755 660 3839 Annunciacionis,
675 3761 878 3845 patriarchae,
896 3761 1050 3844 episcopi,
1067 3769 1100 3824 et
1122 3758 1238 3836 clerici,
1255 3761 1299 3824 ad
1318 3759 1553 3824 celebrandum
1567 3757 1721 3840 generale

370 3880 544 3945 concilium
571 3883 604 3945 in
630 3883 763 3948 civitate
779 3883 908 3959 Pisana,
930 3902 1018 3946 anno
1042 3880 1178 3944 Domini
1201 3899 1284 3965 1409
1307 3880 1529 3946 convenirent.
1570 3879 1722 3943 Vocave÷

372 4011 449 4066 runt
473 4001 577 4067 eciam
604 4003 648 4066 ad
674 4001 766 4066 illum
792 4002 968 4067 concilium
994 4021 1096 4084 reges,
1119 4003 1292 4085 principes,
1314 4009 1348 4065 et
1371 4001 1524 4065 dominos
1547 3998 1720 4073 seculares,

371 4121 449 4202 quia
470 4123 514 4188 de
536 4121 611 4201 fide,
631 4143 706 4206 quae
728 4143 844 4188 omnes
867 4123 982 4206 tangit,
999 4123 1167 4205 agendum
1190 4122 1259 4202 fuit,
1282 4131 1318 4186 et
1339 4120 1460 4186 citatus
1481 4120 1544 4186 fuit
1568 4120 1612 4184 ad
1638 4118 1719 4184 illud

368 4241 544 4307 concilium
573 4243 728 4310 Pisanum
759 4255 898 4327 uterque
928 4245 971 4309 de
1000 4253 1124 4327 papatu
1155 4242 1438 4320 contendencium,
1470 4262 1514 4308 sc.
1542 4239 1721 4323 Gregorius

1035 4361 1058 4409 γ
