4338 4936
709 419 807 474 LOCI
833 419 862 472 E
891 418 1015 473 LIBRO
1051 417 1309 474 VERITATILlI.
1647 411 1684 471 61

338 651 512 714 peccamus
528 640 561 696 et
578 632 663 696 male
687 633 823 696 iacimus
840 654 881 696 ne
897 654 940 696 ex
956 633 1064 696 amico
1086 631 1207 697 carnali
1230 633 1288 697 fiat
1312 633 1406 697 nobis
1429 631 1586 708 inimicus,
1603 643 1689 697 teste

338 751 462 816 Sancto
478 753 669 834 Augustino
685 773 783 836 super
799 753 959 816 Genisim.

424 873 470 937 Et
503 876 675 949 annuncia,
708 875 739 938 O
770 875 944 957 episcope!
983 895 1058 956 quae
1093 873 1228 937 Domini
1263 883 1340 938 sunt
1374 874 1506 957 populo,
1538 884 1571 938 et
1605 874 1689 938 alios

338 993 433 1056 mitte
459 995 502 1057 ad
529 995 797 1057 annunciandum
819 995 957 1058 verbum
983 994 1055 1072 Dei,
1078 996 1155 1076 quia
1181 995 1212 1056 in
1238 994 1385 1076 pluribus
1408 993 1478 1075 jam
1507 994 1689 1076 allegatum

337 1124 387 1177 est
409 1134 468 1196 per
490 1125 651 1178 statutum
673 1115 880 1197 provinciale,
907 1116 1034 1178 editum
1061 1135 1119 1197 per
1145 1115 1339 1178 instanciam
1363 1114 1503 1178 Thomae
1526 1114 1689 1193 Arundel,

336 1233 571 1317 archiepiscopi
610 1234 863 1313 Cantuariensis,
896 1245 930 1299 et
966 1235 1147 1299 bachillarii
1185 1237 1306 1299 artium
1346 1235 1499 1308 Oxoniae‚
1541 1237 1618 1318 quia
1652 1245 1689 1299 ut

337 1356 503 1436 sapientes
533 1357 706 1436 affirmant,
738 1359 781 1420 ad
812 1377 916 1439 pauca
947 1357 1131 1438 respiciens,
1161 1356 1281 1420 timens
1312 1377 1352 1419 ne
1383 1357 1459 1419 mali
1491 1356 1577 1420 male
1606 1377 1690 1438 prae-

338 1476 494 1555 dicarent,
521 1479 639 1541 statuit
667 1499 743 1543 cum
771 1478 842 1541 aliis
869 1479 1041 1560 episcopis,
1069 1477 1158 1560 quod
1189 1477 1299 1540 nullus
1329 1479 1523 1560 praedicaret
1552 1478 1585 1540 in
1616 1497 1690 1559 pro-

337 1596 442 1660 vincia
469 1597 707 1673 cantuariensi,
735 1600 795 1661 nisi
826 1599 883 1680 qui
913 1598 1082 1661 licenciam
1114 1598 1258 1680 episcopi
1290 1598 1456 1661 diocesani
1486 1597 1537 1660 vel
1569 1608 1689 1662 metro·

337 1716 476 1797 politani
505 1717 653 1794 haberet,
677 1719 730 1782 vel
760 1719 815 1802 qui
843 1728 894 1782 est
920 1720 1084 1782 admissus
1109 1738 1130 1780 a
1158 1718 1230 1800 jure
1261 1718 1436 1782 communi.
1491 1718 1536 1781 Et
1563 1718 1689 1781 utinam

337 1845 406 1898 tam
433 1838 527 1919 proni
559 1849 592 1902 et
621 1841 743 1902 assidui
776 1849 885 1902 essent
915 1839 1070 1920 episcopi,
1096 1838 1139 1901 ad
1170 1838 1368 1902 mittendum
1399 1848 1433 1901 et
1464 1838 1689 1901 exhibendum

338 1966 485 2020 maturos
511 1960 743 2040 praedicatores
769 1970 802 2023 et
831 1960 982 2037 scientes,
1010 1960 1096 2022 sicut-
1120 1958 1253 2022 suerunt
1280 1959 1374 2040 proni
1400 1959 1443 2021 ad
1470 1959 1690 2023 ordinandum

338 2078 428 2158 quod
454 2079 561 2142 nullus
587 2081 781 2161 praedicaret
807 2082 878 2143 sine
904 2080 1048 2157 licencia,
1071 2089 1105 2142 et
1132 2080 1275 2154 licencia,
1303 2089 1340 2142 ut
1367 2079 1487 2160 pluries
1508 2079 1577 2161 jam
1604 2081 1691 2161 opti·

339 2209 442 2273 netur,
470 2220 545 2262 cum
574 2201 723 2282 pecunia.
770 2201 816 2264 Et
842 2202 930 2263 idem
954 2199 1235 2282 Archiepiscopus
1257 2198 1409 2263 Arundel
1444 2209 1522 2262 ante
1549 2209 1690 2262 mortem

337 2338 441 2394 suam,
465 2320 511 2383 sic
536 2321 568 2382 in
592 2321 705 2402 lingua
728 2341 902 2404 percussus
924 2321 993 2399 luit,
1016 2331 1052 2384 ut
1076 2341 1136 2384 nec
1157 2321 1320 2403 deglutire
1345 2341 1405 2384 nec
1430 2320 1519 2402 loqui
1538 2340 1597 2402 per
1620 2320 1691 2384 dies

337 2449 415 2502 ante
436 2453 577 2505 mortem
598 2463 692 2505 suam
709 2445 838 2525 potuit;
870 2453 902 2506 et
923 2445 969 2506 sic
989 2443 1080 2519 obiit,
1099 2452 1132 2506 et
1156 2452 1192 2506 ut
1208 2443 1359 2519 creditur,
1374 2443 1451 2524 quia
1471 2442 1607 2505 verbum
1627 2442 1691 2504 Dei

338 2560 384 2624 sic
405 2561 519 2643 ligavit
539 2562 583 2626 ab
601 2584 658 2627 ore
678 2564 941 2645 praedicancium,
958 2565 991 2626 in
1013 2563 1126 2646 lingua
1146 2584 1206 2626 sua
1226 2563 1272 2626 sic
1293 2583 1465 2645 percussus
1483 2561 1554 2625 suit.
1601 2563 1692 2640 Ideo,

338 2701 398 2763 per
411 2701 558 2745 amorem
574 2683 662 2764 Jesu‚
679 2705 738 2747 vos
760 2685 905 2767 episcopi
927 2684 1046 2747 solvite
1067 2685 1195 2746 asinum
1211 2693 1245 2746 et
1262 2682 1397 2766 pullum,
1413 2683 1446 2746 id
1464 2691 1524 2759 est,
1540 2683 1692 2746 homines

338 2801 372 2864 in
402 2804 539 2866 miseriis
569 2804 675 2887 culpae
706 2816 740 2868 et
770 2825 879 2886 poenae
907 2804 1035 2886 ligatos,
1060 2814 1094 2868 et
1120 2804 1275 2868 adducite
1305 2803 1348 2866 ad
1375 2803 1499 2884 Jesum,
1524 2803 1603 2885 quia
1628 2803 1692 2867 hoc

340 2931 390 2985 est
410 2944 495 3005 opus
515 2934 633 2988 vestrae
654 2925 874 3007 professionis.
922 2925 1027 2989 Racio
1050 2925 1138 2988 enim
1159 2924 1304 2988 ostendit
1320 2931 1356 2986 ut
1376 2923 1460 2986 sicut
1482 2923 1560 2986 mali
1582 2933 1692 2986 essent

339 3043 465 3106 exclusi
491 3065 511 3106 a
539 3046 777 3126 praedicacione
803 3045 893 3110 verbi
923 3045 988 3108 Dei
1018 3054 1154 3129 propter
1184 3043 1307 3107 malum
1338 3064 1381 3106 ex
1412 3053 1486 3108 actu
1514 3064 1574 3107 suo
1600 3065 1691 3108 secu-

338 3172 458 3240 turum,
479 3165 525 3228 sic
547 3165 626 3228 boni
650 3175 683 3228 et
706 3166 847 3230 scientes
867 3165 1117 3249 providerentur
1137 3174 1171 3228 et
1192 3165 1407 3242 mitterentur,
1424 3175 1558 3246 propter
1580 3183 1692 3227 neces-

338 3285 424 3347 saria
444 3284 532 3348 bona
548 3306 623 3367 quae
638 3287 775 3349 verbum
792 3286 855 3350 Dei
874 3288 1070 3368 produceret
1091 3287 1124 3348 in
1144 3286 1272 3349 animas
1290 3285 1508 3349 credencium.
1554 3284 1598 3346 Et
1614 3286 1692 3365 quia

340 3414 471 3467 curatus
494 3425 559 3468 non
585 3415 697 3488 potest
725 3416 812 3470 recte
839 3408 1038 3471 annunciare
1067 3407 1127 3470 nisi
1153 3415 1240 3469 recte
1266 3407 1418 3469 attendat
1443 3414 1477 3468 et
1503 3416 1690 3487 cognoscat,

340 3524 415 3587 ideo
440 3525 612 3590 attendere
638 3527 747 3603 debet,
774 3537 811 3590 ut
837 3527 976 3610 vigilans
1002 3537 1116 3609 pastor
1142 3547 1241 3610 super
1269 3546 1404 3609 gregem
1430 3544 1526 3588 suum
1550 3524 1593 3587 ad
1621 3525 1691 3587 uni·

339 3664 433 3707 versa
456 3647 638 3709 necessaria
661 3648 723 3710 sibi
747 3657 779 3710 et
802 3648 926 3730 populo
950 3669 1009 3711 suo
1033 3649 1193 3722 universo,
1218 3657 1251 3710 et
1274 3645 1337 3710 hoc
1360 3646 1524 3710 cotidiana
1546 3645 1692 3709 solicitu-

340 3765 425 3844 dine,
442 3777 478 3830 ut
496 3767 586 3830 mala
604 3769 777 3846 evitentur,
794 3778 828 3832 et
848 3770 945 3848 bona,
962 3789 1037 3851 quae
1058 3791 1102 3833 ex
1123 3769 1237 3832 debito
1258 3766 1382 3843 fierent,
1399 3787 1465 3830 non
1485 3766 1691 3830 omittantur.

341 3883 397 3948 Sic
438 3885 588 3950 hortatur
629 3888 800 3970 apostolus
841 3891 1014 3972 episcopos
1051 3889 1214 3953 Actorum
1252 3887 1417 3952 vicesimo.
1477 3881 1692 3963 ‘Attendite'

341 4006 455 4087 inquit,
471 4007 582 4070 ‘vobis
603 4018 636 4072 et
655 4009 806 4072 universo
826 4011 917 4092 gregi
939 4012 1054 4092 inquo
1073 4031 1133 4072 vos
1154 4009 1297 4091 Spiritus
1317 4007 1460 4073 Sanctus
1480 4006 1589 4089 posuit
1607 4005 1692 4087 epis·

340 4123 462 4207 copOS,’
478 4127 511 4190 id
535 4135 594 4206 est,
612 4131 932 4210 superintendentes,
950 4135 1081 4212 ‘regere
1104 4128 1274 4193 ecclesiam
1294 4148 1394 4210 quam
1418 4127 1595 4210 adquisivit
1617 4145 1693 4188 san·

343 4246 442 4328 guine
464 4244 544 4312 suo.’
590 4247 700 4332 Regit,
722 4253 778 4332 qui
806 4260 894 4314 recte
918 4252 1025 4325 docet,
1051 4261 1084 4314 et
1110 4251 1164 4332 qui
1190 4260 1278 4314 recte
1301 4249 1449 4331 imperat,
1475 4258 1508 4312 et
1535 4247 1692 4330 praecipit,
