4378 4936
481 393 542 436 110
858 380 956 436 LOCI
982 378 1011 432 E
1039 378 1164 432 LIBRO
1200 377 1459 432 VERITATUM.

481 617 547 662 una
572 618 647 662 cum
671 598 794 662 devota
819 596 972 660 oracione
1001 595 1045 658 ad
1072 594 1175 658 talem
1201 594 1344 676 graciam
1376 602 1411 657 et
1440 591 1580 676 gloriam
1604 601 1772 666 vocantur,
1800 601 1835 655 et

478 719 522 783 ad
549 719 635 782 bene
665 718 870 801 operandum
896 717 1093 793 excitantur,
1120 725 1155 780 et
1184 734 1243 796 per
1272 714 1356 779 tales
1385 723 1479 779 actus
1504 714 1599 797 plura
1622 714 1711 777 bona
1740 712 1833 786 fiunt,
1879 709 1884 714 ’

480 851 514 904 et
540 839 635 923 plura
660 839 749 902 mala
771 859 846 922 quae
868 837 1088 902 verisimiliter
1110 835 1228 900 fierent
1249 856 1316 899 non
1339 834 1443 914 fiunt;
1475 844 1509 899 et
1528 854 1589 917 per
1609 833 1694 898 tales
1716 853 1836 916 appro-

481 959 663 1043 priaciones
685 959 895 1024 ecclesiamm
919 967 1062 1022 rectores
1083 956 1162 1021 boni
1185 954 1396 1020 retrahuntur
1417 976 1438 1019 a
1460 975 1537 1020 cura
1561 955 1753 1030 animarum,
1777 973 1836 1037 per

481 1101 622 1163 quorum
649 1081 833 1145 carenciam
859 1090 894 1144 et
917 1079 1084 1144 desectum
1107 1077 1202 1161 plura
1224 1077 1313 1141 rnala
1338 1076 1431 1154 fiunt,
1455 1085 1489 1140 et
1510 1076 1605 1159 plura
1626 1077 1715 1139 bona
1737 1073 1835 1139 omit·

480 1211 603 1278 tuntur‚
634 1223 710 1283 quae
739 1201 828 1265 bona
860 1200 978 1266 fierent
1006 1219 1067 1282 per
1096 1198 1310 1282 praesenciam
1340 1198 1419 1262 boni
1450 1198 1600 1280 pastoris,
1626 1198 1712 1261 sicut
1741 1195 1836 1279 plura

480 1323 570 1387 bona
587 1321 810 1404 sequebantur
831 1322 864 1385 in
886 1320 1067 1404 praesencia
1081 1320 1161 1382 boui
1181 1319 1324 1401 pastoris
1346 1318 1544 1382 sanctissimi
1566 1316 1710 1400 apostoli
1731 1315 1834 1392 Pauli,

481 1444 616 1526 quando
631 1441 693 1507 luit
712 1443 802 1525 apud
819 1441 988 1521 Galathas,
1003 1461 1143 1524 quorum
1158 1440 1322 1504 contraria
1337 1438 1450 1503 omnia
1465 1439 1690 1521 sequebantur
1708 1437 1742 1500 in
1763 1437 1835 1519 ejus

482 1564 646 1640 absencia,
672 1563 807 1646 quando
827 1564 949 1627 absens
978 1571 1050 1626 erat
1072 1582 1093 1625 a
1123 1559 1282 1637 Galathis‚
1308 1559 1520 1643 praedicando
1541 1559 1615 1622 aliis
1638 1557 1834 1642 regionibus,

482 1685 618 1749 orientis
641 1694 675 1749 et
698 1683 887 1762 occidentis,
902 1692 940 1748 ut
963 1691 1106 1748 testatur
1128 1690 1262 1745 sanctus
1282 1681 1398 1745 doctor
1417 1680 1615 1762 Jeronimus,
1630 1689 1665 1744 et
1682 1679 1835 1743 dominus

481 1804 623 1869 Lincoln
653 1805 687 1868 in
712 1803 968 1870 Commentariis
998 1803 1065 1867 suis
1095 1823 1195 1885 super
1216 1800 1404 1882 Epistolam
1428 1801 1543 1865 Sancti
1571 1800 1664 1864 Pauli
1693 1797 1835 1883 apostoli

481 1927 525 1989 ad
558 1925 730 1990 Galathas.
783 1925 897 1989 Bonus
926 1924 1015 1988 enim
1045 1933 1161 2000 rector,
1190 1922 1292 1987 verbo
1321 1943 1382 1984 suo
1412 1929 1447 1986 et
1480 1920 1636 2004 exemplo
1665 1931 1700 1984 et
1730 1919 1835 1984 eciam

481 2046 577 2111 sactis
598 2048 675 2124 suis,
701 2045 919 2129 parochianos
941 2044 1133 2109 informaret
1156 2043 1325 2126 quomodo
1347 2063 1383 2105 se
1408 2042 1452 2105 ad
1476 2042 1587 2106 Deum
1608 2041 1778 2115 haberent,
1802 2050 1836 2104 et

481 2167 651 2250 quomodo
680 2166 837 2245 viverent,
867 2177 901 2231 et
931 2165 1100 2248 quomodo
1130 2172 1263 2228 orarent
1292 2183 1353 2245 pro
1383 2183 1420 2226 se
1450 2171 1485 2226 et
1514 2183 1574 2244 pro
1603 2161 1684 2239 aliis,
1708 2171 1743 2226 et
1772 2162 1836 2224 ista

480 2287 549 2352 fieri
571 2309 594 2351 a
614 2287 821 2369 parochianis
843 2307 903 2370 pro
926 2287 1042 2368 seipsis
1063 2286 1189 2349 orando
1212 2294 1246 2348 et
1268 2283 1512 2347 benevivendo
1534 2284 1708 2366 prodesset
1730 2281 1836 2364 magis

481 2407 690 2492 parochianis
715 2429 816 2490 quam
838 2407 921 2472 alios
943 2427 1036 2470 orare
1059 2427 1119 2488 pro
1141 2406 1197 2484 eis,
1224 2406 1302 2488 quia
1324 2415 1404 2469 tunc
1426 2414 1559 2468 orarent
1581 2426 1621 2468 eo
1644 2405 1745 2468 modo
1769 2423 1835 2484 quo

481 2539 638 2594 tenentur
652 2548 753 2606 orare,
769 2537 803 2592 et
822 2527 879 2591 illo
902 2529 1002 2591 modo
1022 2527 1172 2590 viverent
1186 2547 1252 2608 quo
1273 2534 1427 2590 tenentur
1443 2525 1561 2604 vivere,
1577 2525 1673 2588 etsie
1693 2523 1835 2588 multum

481 2652 626 2715 fructum
646 2641 734 2713 boni
748 2649 857 2732 open's
880 2648 912 2711 in
933 2668 969 2711 se
991 2658 1024 2712 et
1047 2649 1080 2710 in
1100 2647 1173 2710 aliis
1195 2645 1386 2730 parochiani
1409 2645 1559 2710 afferunt.
1592 2645 1661 2711 Ubi
1680 2643 1761 2727 jam,
1776 2664 1836 2727 per

482 2772 636 2836 miseram
670 2769 985 2853 appropriacionem,
1014 2777 1188 2832 remanent
1216 2767 1303 2832 sicut
1336 2767 1465 2831 steriles
1494 2767 1636 2841 arbores,
1668 2765 1754 2848 quia,
1776 2785 1836 2847 per

481 2890 788 2974 appropriacionem
812 2888 1031 2966 ecclesiarum,
1056 2888 1249 2952 auferuntur
1270 2888 1313 2951 ab
1337 2888 1463 2952 eisdem
1485 2887 1692 2971 parochianis
1715 2885 1834 2948 maturi

482 3023 517 3077 et
542 3013 683 3076 scientes
710 3018 861 3087 rectores,
886 3011 943 3091 qui
969 3009 1142 3092 vigilarent
1167 3029 1265 3091 super
1291 3029 1426 3091 gregem
1449 3029 1556 3083 suum,
1580 3017 1615 3072 et
1641 3007 1687 3071 sic
1713 3007 1834 3070 animae

482 3141 622 3216 pereunt
643 3131 857 3213 plurimomm
878 3149 937 3212 per
956 3129 1122 3194 delectum
1143 3130 1246 3193 talem
1267 3139 1301 3194 et
1321 3130 1503 3194 carenciam
1524 3138 1712 3194 curatorum
1730 3129 1835 3191 bono·

483 3273 565 3318 rum.
611 3251 642 3317 Ο
666 3250 777 3314 Deus!
804 3249 952 3313 illumina
974 3249 1086 3314 oculos
1110 3250 1291 3328 hominurn,
1312 3261 1349 3316 ut
1375 3251 1519 3328 videant,
1540 3251 1709 3332 quomodo
1735 3268 1836 3312 causa

482 3395 590 3438 causae
615 3381 666 3436 est
695 3391 793 3434 causa
819 3371 967 3434 omnium
993 3392 1069 3453 quae
1095 3381 1276 3453 sequuntur
1302 3393 1346 3434 ex
1372 3371 1429 3436 illa
1455 3391 1562 3449 causa,
1587 3380 1621 3434 et
1649 3369 1835 3452 specialiter

403 3557 405 3562 .
483 3514 560 3558 cum
589 3493 634 3556 ad
663 3511 731 3554 non
760 3489 806 3554 sic
842 3489 1030 3555 laciendum
1059 3490 1160 3555 homo
1190 3501 1323 3556 tenetur
1358 3501 1392 3556 et
1422 3491 1596 3574 obligatur,
1626 3491 1715 3554 unde
1749 3490 1835 3554 sicut

483 3614 581 3678 radix
597 3611 685 3675 mala
700 3619 751 3675 est
765 3610 982 3694 plurimorum
999 3610 1173 3675 malorum.
1219 3611 1275 3676 Sic
1291 3621 1384 3676 actus
1400 3612 1476 3676 talis
1492 3611 1599 3675 malus
1614 3609 1725 3694 plures
1740 3620 1834 3674 actus

483 3733 589 3798 malos
610 3741 732 3811 causat,
748 3741 782 3795 et
804 3731 888 3807 ideo,
905 3731 984 3794 ‘Vae
1004 3731 1069 3796 illit
1092 3753 1150 3816 per
1171 3753 1270 3814 quern
1291 3733 1484 3798 scandalum
1499 3728 1607 3809 venit,'
1630 3733 1650 3795 i.
1663 3752 1690 3794 e.
1712 3751 1764 3794 vae
1786 3729 1833 3792 illi

483 3853 672 3937 peccatoril
711 3873 770 3934 per
799 3853 891 3934 cujus
914 3861 1026 3915 actum
1049 3853 1174 3915 malum
1195 3853 1249 3916 vel
1271 3853 1409 3917 verbum
1432 3853 1562 3918 occasio
1588 3851 1716 3934 peccati
1742 3850 1834 3914 venit

483 3974 687 4050 scandalum,
711 3975 731 4036 i.
744 3995 771 4038 e.
789 3974 918 4037 occasio
938 3974 1066 4056 peccati
1089 3993 1148 4056 per
1169 3973 1261 4038 illum
1284 3975 1383 4052 venit,
1400 3976 1457 4058 qui
1481 3974 1605 4038 malum
1628 3972 1709 4036 illud
1732 3971 1833 4048 sacit;

483 4098 573 4180 quod
604 4106 716 4161 movet
745 4095 828 4158 alios
860 4094 903 4158 ad
934 4095 1021 4158 male
1053 4094 1258 4177 loquendum
1290 4095 1343 4159 vel
1372 4096 1416 4159 ad
1452 4095 1539 4159 male
1568 4093 1765 4168 faciendum,
1796 4101 1834 4156 ut

484 4226 625 4283 testatur
647 4216 790 4283 Sanctus
805 4216 994 4298 Jeronimus
1016 4237 1115 4298 super
1138 4216 1334 4296 Mattheum,
1357 4218 1444 4281 unde
1469 4222 1535 4280 ‘vae
1559 4215 1622 4280 illir
1651 4233 1709 4296 per
1732 4232 1832 4298 quern
