4322 4936
706 397 805 453 LOCI
831 395 860 449 E
889 397 1013 451 LIBRO
1048 395 1307 452 VERITATUM.
1623 402 1684 470 213

331 615 374 678 de
399 613 539 693 Exonia,
564 614 720 696 magister
743 613 904 696 Georgius
929 613 1044 688 Nevel,
1070 613 1156 677 filius
1182 613 1312 678 comitis
1336 611 1464 691 Sarum,
1490 613 1576 677 dixit
1601 633 1685 695 prae-

333 734 422 798 dicto
460 735 624 818 episcopo,
657 736 690 797 in
727 744 878 816 ternpore
911 754 979 798 suae
1015 735 1282 814 examinacionis
1311 736 1509 818 passionato,
1542 755 1598 798 seu
1637 737 1685 797 ira

332 865 510 932 commoto,
539 856 707 919 ‘Domine
738 853 952 930 Cicistrensis,
978 856 1069 919 Deus
1097 877 1140 920 ex
1171 877 1231 920 suo
1254 855 1345 938 justo
1371 855 1496 938 judicio
1526 855 1596 919 vult
1626 875 1684 918 vos

333 975 404 1040 haec
435 977 609 1059 opprobria
636 997 757 1059 magna
787 977 865 1059 pati,
885 977 962 1059 quia
993 999 1051 1041 vos
1082 977 1217 1060 indigne
1243 978 1340 1041 valde
1370 977 1626 1060 reprehendistis
1651 983 1685 1040 et

335 1096 479 1176 negastis
506 1115 578 1158 esse
603 1116 680 1158 vera
706 1095 828 1178 scripta
854 1095 955 1157 verba
981 1115 1040 1176 per
1066 1095 1201 1158 beatum
1225 1094 1441 1176 Jeronimum,
1465 1104 1500 1158 et
1524 1093 1685 1159 Sanctum

334 1215 570 1298 Augustinum,
591 1226 625 1280 et
645 1216 749 1279 sancti
772 1235 869 1297 papae
892 1213 1041 1298 Gregorii
1064 1216 1216 1292 doctoris,
1241 1225 1274 1280 et
1296 1217 1400 1280 eciam
1423 1237 1524 1300 opera
1547 1215 1685 1280 aliorum

334 1335 542 1400 sanctorum’
580 1336 625 1400 Et
647 1336 820 1419 episcopus
836 1335 966 1400 Pecock
983 1337 1190 1401 Cicistrensis
1208 1336 1296 1400 dixit
1315 1337 1419 1400 electo
1441 1337 1473 1400 in
1495 1337 1685 1420 episcopum

336 1456 572 1532 Exoniensem,
590 1457 753 1520 ‘Poenitet
770 1477 823 1520 me
843 1457 890 1520 sic
910 1457 1086 1540 scripsisse,
1101 1457 1147 1520 lui
1171 1457 1257 1521 enim
1273 1478 1339 1520 non
1359 1458 1558 1522 sufficienter
1571 1457 1687 1521 videns

335 1579 367 1640 in
395 1574 560 1642 materiis.’
606 1577 733 1642 Omnes
759 1578 847 1640 enim
874 1577 1000 1641 domini
1028 1577 1229 1660 temporales
1255 1579 1354 1660 regni,
1376 1579 1432 1661 qui
1455 1588 1533 1643 tunc
1555 1577 1687 1642 suerunt
1713 1587 1717 1594 '

335 1697 519 1763 Londoniis
549 1720 624 1762 cum
657 1721 733 1782 rege
765 1699 911 1764 Henrico
934 1699 993 1776 VI,
1025 1700 1187 1783 optabant
1218 1701 1325 1781 ipsum
1356 1700 1548 1782 episcopum
1576 1697 1687 1764 Pecok

335 1819 458 1903 expelli
483 1821 656 1910 dedomo
683 1821 810 1885 concilii
838 1821 924 1902 regis
950 1831 984 1884 et
1012 1821 1230 1898 dominorum,
1260 1829 1293 1883 et
1319 1821 1365 1884 sic
1389 1819 1459 1895 suit,
1484 1829 1517 1883 et
1545 1820 1686 1884 multum

334 1941 443 2004 infesti
470 1950 562 2005 erant
594 1943 622 2005 ei
650 1951 785 2024 propter
814 1942 960 2005 diversas
986 1961 1125 2019 causas;
1158 1962 1223 2004 una
1249 1941 1319 2020 suit,
1344 1943 1421 2023 quia
1447 1941 1576 2023 scripsit
1603 1940 1687 2005 tales

335 2061 515 2144 profundas
539 2063 692 2126 materias
715 2064 748 2127 in
767 2062 927 2146 Anglicis,
945 2084 1019 2145 quae
1043 2063 1148 2144 magis
1170 2072 1258 2146 aptae
1282 2073 1374 2126 erant
1397 2063 1517 2127 laedere
1539 2063 1687 2146 legentes

336 2193 369 2246 et
398 2185 571 2248 audientes
603 2205 703 2267 quam
735 2184 799 2248 illis
835 2185 1002 2268 proficere.
1049 2183 1145 2262 Item,
1170 2186 1247 2267 quia
1276 2184 1405 2266 scripsit
1431 2183 1487 2248 ille
1513 2185 1687 2267 episcopus

336 2304 464 2369 literam
481 2326 574 2369 suam
592 2305 712 2388 Majori
729 2305 988 2384 Londoniarum,
1005 2304 1187 2389 Canyngys
1203 2307 1345 2384 nomine,
1361 2326 1462 2388 quam
1482 2303 1611 2370 literam
1631 2305 1686 2370 ille

337 2425 446 2507 Major
456 2425 639 2490 Londoniae
651 2426 739 2491 misit
749 2426 908 2509 praedicto
921 2426 1005 2507 regi3
1022 2446 1087 2509 qua
1099 2427 1193 2490 litera
1204 2427 1349 2508 episcopi
1360 2426 1469 2491 Pecok
1478 2427 1564 2492 lecta
1576 2448 1687 2492 coram

337 2569 412 2630 rege
437 2548 580 2612 Henrico
603 2547 710 2612 Sexto
737 2557 771 2611 et
795 2547 861 2610 suis
883 2548 1034 2624 dominis,
1057 2549 1198 2611 inventae
1221 2547 1351 2612 fuerunt
1379 2551 1411 2613 in
1437 2571 1475 2614 ea
1499 2551 1686 2625 evidenciae,

336 2691 393 2733 seu
417 2668 622 2751 conjecturae,
638 2690 695 2732 seu
719 2669 906 2751 probabiles
928 2671 1106 2744 suasiones,
1124 2671 1166 2733 ad
1191 2671 1411 2735 mutacionem
1431 2671 1507 2735 fidei
1531 2673 1564 2735 in
1585 2692 1688 2754 regno

336 2789 470 2872 Angliae
501 2801 534 2853 et
561 2791 664 2854 eciam
691 2792 735 2855 ad
761 2811 917 2874 magnam
945 2791 1059 2874 populi
1084 2792 1117 2855 in
1143 2812 1243 2874 regno
1273 2793 1567 2873 perturbacionem,
1593 2803 1627 2857 et
1653 2793 1687 2856 in

336 2912 528 2976 scandalum
560 2933 753 2995 magnorum
784 2912 992 2976 dominorum
1024 2915 1057 2975 in
1084 2933 1185 2994 regno
1209 2935 1292 2995 qnos
1325 2914 1411 2977 dixit
1442 2915 1474 2976 in
1506 2915 1599 2978 litera
1627 2937 1688 2980 sua

337 3033 398 3115 ipsi
420 3033 575 3115 episcopo
595 3043 629 3096 et
649 3033 740 3096 libris
761 3035 826 3096 suis
842 3032 1038 3115 Anglicanis
1057 3032 1235 3096 adhaerere.
1272 3034 1366 3109 Item,
1384 3035 1548 3117 praecipue
1570 3057 1688 3118 provo-

337 3153 423 3217 cavit
452 3173 568 3216 omnes
600 3153 754 3217 dominos
784 3153 982 3236 temporales
1015 3163 1095 3218 tunc
1125 3154 1216 3236 regni
1248 3154 1280 3216 in
1310 3155 1423 3218 odium
1450 3155 1552 3238 ipsius
1579 3156 1688 3220 Pecok

338 3275 492 3359 episcopi,
517 3275 607 3358 quod
639 3277 779 3339 mutavit
812 3275 989 3339 simbolum
1021 3286 1167 3340 nostrum
1199 3295 1374 3339 commune
1401 3277 1490 3358 quod
1515 3277 1688 3340 edidemnt

336 3397 479 3479 apostoli
504 3397 639 3462 Domini
663 3398 765 3461 nostri
787 3397 867 3479 Jesu
893 3398 962 3461 Xti.
1011 3398 1088 3479 Ipse
1113 3397 1200 3460 enim
1225 3396 1333 3461 Pecolr
1361 3398 1532 3480 episcopus
1558 3398 1688 3480 scripsit

338 3527 371 3582 et
394 3518 480 3581 dixit
503 3519 593 3600 quod
613 3517 755 3600 apostoli
778 3539 844 3581 non
864 3517 1009 3581 lecerunt
1032 3517 1112 3582 illud
1135 3517 1314 3581 cimbolum
1336 3527 1484 3581 nostrum
1503 3539 1687 3596 commune,

338 3649 371 3703 et
394 3639 540 3704 diversos
560 3639 715 3704 articulos
735 3640 768 3702 in
789 3638 846 3703 illo
867 3639 1010 3703 cimbolo
1034 3639 1166 3721 negavit
1186 3638 1294 3702 verbis
1316 3639 1382 3702 suis
1403 3649 1437 3703 et
1454 3639 1584 3722 scriptis
1604 3641 1687 3719 suis3

338 3771 372 3824 et
399 3760 473 3824 ideo
496 3781 618 3824 novum
642 3759 822 3824 cimbolum
846 3779 1003 3843 magnum
1027 3768 1060 3823 et
1083 3758 1218 3841 longum
1242 3759 1274 3822 in
1294 3757 1446 3841 Anglicis
1468 3759 1576 3824 verbis
1598 3781 1689 3825 com-

337 3881 457 3964 posuit,
485 3881 575 3962 quod
602 3881 821 3963 dampnatum
846 3880 906 3944 fuit
930 3880 1122 3958 Londoniis,
1147 3890 1185 3944 ut
1211 3900 1271 3962 pro
1299 3879 1388 3943 nullo
1415 3880 1558 3944 cimbolo
1587 3881 1688 3945 habe·

338 4009 427 4065 retur
450 4020 509 4064 nec
533 4001 766 4078 nominaretur,
781 4001 976 4065 auctoritate
998 3999 1234 4083 archiepiscopi
1259 3998 1504 4064 Cantuariensis
1528 4011 1561 4065 et
1583 4002 1688 4066 eciam

339 4121 560 4186 Eboracensis
584 4129 618 4184 et
644 4119 783 4184 aliorum
807 4120 988 4183 multorum
1015 4123 1254 4204 episcoporum,
1281 4141 1356 4202 quae
1379 4121 1576 4204 dampnacio
1603 4121 1689 4187 lecta

338 4240 400 4307 luit
427 4241 610 4306 Londoniis
637 4262 695 4325 per
721 4243 892 4306 doctorem
917 4241 1097 4324 Pynchbelr
1122 4242 1164 4306 ad
1192 4262 1319 4306 crucem
1345 4240 1459 4307 Sancti
1485 4240 1577 4306 Pauli
1600 4264 1688 4308 anno
