4338 4936
474 389 516 466 46
851 395 948 450 LOCI
974 395 1004 448 E
1032 394 1156 448 LIBRO
1192 393 1451 450 VERITATUM.

475 615 655 695 hominum,
672 615 727 696 qui
750 623 967 698 peccaverunt
988 635 1047 696 per
1070 623 1104 677 te
1127 621 1161 676 et
1183 633 1242 695 per
1265 613 1448 676 mocionem
1471 623 1611 676 tuamet
1631 611 1822 696 exemplum

476 737 599 801 malum
624 747 657 801 et
679 758 738 820 per
759 746 852 801 tuam
875 736 1097 818 ignoranciam
1120 744 1153 798 et
1177 733 1421 816 necligenciam.

562 869 599 936 [p.
618 868 687 934 418]
735 857 957 922 Consimiliter
986 857 1109 921 diceret
1144 857 1324 939 episcopus,
1355 856 1411 938 qui
1448 855 1550 920 mittit
1579 855 1736 920 vicarium
1770 853 1823 917 vel

476 991 636 1044 rectorem
666 979 849 1043 animarum
878 977 974 1042 alicui
1004 975 1176 1059 parochiae,
1204 975 1257 1039 vel
1287 976 1449 1040 decanum
1479 975 1531 1038 vel
1558 973 1824 1040 archidiaconum

475 1100 510 1163 in
541 1121 652 1164 curam
681 1099 734 1164 vel
765 1101 798 1162 in
829 1099 1054 1163 visitacionem
1085 1096 1288 1180 spiritualem
1318 1096 1513 1172 animarum,
1544 1105 1578 1160 et
1612 1095 1826 1160 consimiliter

476 1221 598 1285 diceret
627 1241 686 1284 rex
708 1229 742 1284 et
768 1219 905 1303 quilibet
936 1219 992 1302 qui
1023 1219 1125 1283 mittit
1149 1218 1183 1280 in
1208 1217 1365 1300 populum
1395 1217 1457 1280 Dei
1479 1217 1622 1300 judicem
1645 1216 1698 1280 vel
1724 1212 1824 1280 offici·

476 1342 603 1419 arium;
630 1343 753 1406 diceret
779 1341 866 1404 enim
894 1341 1066 1424 episcopus
1092 1339 1216 1423 populo
1241 1338 1292 1402 cui
1321 1339 1422 1402 mittit
1445 1357 1567 1402 novum
1592 1347 1751 1401 rectorem
1772 1337 1825 1400 vel

475 1463 631 1526 vicarium
646 1463 698 1526 vel
718 1462 909 1526 officiarium
929 1481 1005 1526 cum
1022 1459 1238 1525 Sanctissimo
1261 1458 1363 1522 Paulo
1378 1458 1554 1542 Apost010‚
1570 1458 1695 1542 ‘Spero
1713 1467 1825 1522 autem

476 1584 509 1646 in
541 1583 688 1647 Domino
709 1583 788 1664 Jesu
811 1581 1025 1647 Timotheum
1050 1581 1117 1646 cito
1147 1601 1201 1644 me
1231 1580 1361 1644 mittere
1390 1580 1433 1642 ad
1459 1599 1527 1657 vos,
1550 1579 1715 1643 neminem
1737 1580 1824 1644 enim

476 1703 584 1766 habeo
614 1714 683 1767 tam
715 1702 913 1782 unanimem,
939 1703 996 1785 qui
1026 1701 1151 1766 sincera
1175 1700 1352 1764 affeccione
1381 1720 1440 1782 pro
1469 1700 1564 1764 vobis
1590 1699 1735 1765 solicitus
1763 1695 1826 1764 sit)

477 1823 533 1888 Sic
557 1844 615 1886 rex
631 1824 754 1887 diceret
777 1833 811 1887 et
826 1823 964 1906 quilibet
979 1831 1136 1906 patronus
1152 1820 1360 1885 ecclesiarum
1382 1832 1415 1885 et
1430 1817 1569 1902 quilibet
1584 1816 1752 1884 ordinator
1766 1819 1825 1882 ali-

477 1943 569 2025 cujus
592 1943 737 2008 officiarii
758 1945 790 2006 in
814 1943 938 2026 populo
961 1941 1035 2018 Dei,
1053 1940 1181 2005 ‘Credo
1205 1941 1239 2004 in
1263 1941 1408 2004 Domino
1429 1940 1518 2023 Jesu,
1538 1942 1627 2023 quod
1649 1961 1692 2003 ex
1716 1941 1826 2022 gracia

476 2085 546 2140 sua,
565 2064 621 2147 qui
644 2065 737 2128 dedit
761 2063 858 2127 michi
881 2063 966 2127 bene
986 2063 1079 2140 velle,
1096 2082 1149 2126 me
1172 2063 1237 2126 cito
1261 2063 1391 2126 mittere
1413 2062 1455 2125 ad
1479 2059 1595 2138 vos,O
1618 2061 1824 2144 parochiani!

477 2185 600 2248 bonum
617 2193 776 2262 curatum,
791 2184 915 2246 bonum
940 2192 1109 2261 rectorem,
1124 2183 1249 2246 bonum
1271 2183 1512 2266 praesidentem,
1528 2203 1585 2246 seu
1608 2183 1731 2245 bonum
1756 2181 1826 2244 offi-

477 2305 612 2368 ciarium
629 2315 661 2368 et
685 2305 911 2382 sufficientem,
927 2305 970 2367 ad
987 2325 1025 2367 ea
1040 2305 1170 2388 agenda
1191 2325 1265 2386 quae
1288 2305 1445 2367 intervos
1461 2301 1597 2385 'agenda
1615 2313 1702 2367 sunt.
1748 2302 1826 2366 Non

478 2427 565 2490 enirn
591 2425 700 2489 habeo
727 2445 789 2507 ego
818 2434 977 2508 patronus
1007 2424 1163 2500 ecclesiae,
1190 2445 1250 2488 nec
1278 2445 1340 2506 ego
1367 2425 1548 2508 episcopus,
1576 2445 1633 2488 seu
1665 2443 1726 2506 ego
1757 2443 1826 2497 rex,

478 2565 544 2610 non
573 2545 681 2609 habeo
708 2555 777 2609 tam
809 2544 999 2609 unanimem
1028 2545 1144 2620 virum,
1172 2555 1242 2609 tam
1272 2545 1369 2609 bonae
1398 2545 1586 2621 voluntatis,
1614 2545 1670 2628 qui
1700 2545 1827 2609 sincera

478 2667 654 2730 alleccione
680 2686 740 2748 pro
766 2665 859 2729 vobis
883 2665 1029 2730 solicitus
1056 2665 1118 2743 sit;
1151 2685 1196 2728 sc.
1219 2685 1279 2747 pro
1305 2667 1411 2730 salute
1440 2667 1623 2729 animarum
1645 2675 1826 2729 vestrarum

476 2788 561 2852 sicut
592 2786 655 2850 iste
685 2796 735 2848 est
765 2806 864 2868 quem
895 2805 957 2867 ego
987 2785 1084 2849 mitto
1114 2782 1228 2849 uobis?
1278 2785 1364 2868 Jam,
1396 2785 1427 2852 O
1458 2787 1603 2850 Domine
1632 2785 1711 2867 Jesu
1739 2783 1825 2849 Xtel

477 2907 529 2971 sac
558 2916 715 2989 patronos
741 2915 775 2970 et
805 2907 977 2990 episcopos
1007 2915 1041 2969 et
1067 2925 1160 2989 reges
1190 2905 1249 2968 tali
1277 2908 1376 2969 modo
1407 2906 1514 2970 dicere
1544 2916 1578 2970 et
1607 2927 1684 2970 vere
1712 2905 1827 2983 facere,

478 3037 515 3091 ut
549 3028 683 3090 mittant
712 3047 805 3091 veros
839 3026 1005 3111 operarios
1035 3025 1068 3088 in
1097 3027 1226 3090 vineam
1260 3026 1415 3091 ecclesiae.
1475 3026 1506 3091 Ο
1538 3027 1683 3091 Domine
1714 3027 1826 3090 Deus!

479 3149 604 3232 respice
624 3149 667 3211 de
687 3147 781 3227 coelo,
797 3157 832 3211 et
849 3147 926 3212 vide
945 3155 979 3210 et
998 3146 1095 3211 visita
1113 3149 1210 3212 istam
1225 3147 1356 3210 vineam
1375 3147 1528 3225 ecclesiae,
1544 3167 1644 3228 quam
1665 3135 1828 3229 plantavit

478 3270 618 3334 dextera
639 3277 705 3332 tua.
751 3267 935 3351 Singularis
958 3269 1046 3331 enim
1068 3267 1155 3332 ierus
1175 3269 1333 3350 depastus
1354 3279 1404 3332 est
1427 3289 1523 3346 eam3
1547 3269 1600 3332 ie.
1624 3268 1827 3331 inordinatus

478 3390 646 3473 appetitus
666 3389 810 3453 habendi
826 3410 874 3464 ea,
891 3410 966 3472 quae
982 3398 1103 3452 nocent
1117 3389 1257 3466 animae;
1280 3391 1423 3454 vastavit
1439 3381 1533 3468 eam3
1558 3389 1576 3451 i.
1586 3410 1611 3452 e.
1629 3388 1723 3471 plura
1740 3387 1828 3452 mala

479 3511 612 3575 induxit
637 3511 670 3574 in
693 3510 872 3574 ecclesiam.

566 3641 605 3708 [p.
625 3639 697 3710 μμ]
750 3630 892 3696 Sanctus
923 3631 1104 3713 episcopus,
1136 3649 1275 3712 magnus
1305 3629 1452 3694 Thomas
1483 3623 1735 3708 cantuariensis,
1766 3629 1828 3692 suit

479 3751 604 3816 electus
634 3752 667 3814 in
694 3752 919 3834 episcopatum
949 3749 1220 3814 Cantuariensem
1244 3751 1427 3814 Londoniis
1449 3747 1744 3814 Westmonasterio
1770 3767 1829 3832 per

479 3873 652 3955 episcopos
682 3893 758 3936 suos
792 3871 1025 3954 suffraganeos,
1057 3883 1090 3936 et
1123 3892 1182 3954 per
1214 3871 1392 3936 monachos
1421 3872 1599 3954 deputatos
1630 3869 1827 3948 Cantuariae,

480 3993 614 4074 quando
640 3993 711 4076 ipse
736 3991 887 4056 Thomas
914 3993 1020 4056 Beket
1047 3991 1172 4056 electus
1197 3993 1231 4056 in
1258 3994 1448 4076 episcopum
1473 3991 1742 4056 Cantuariensem
1767 3989 1828 4054 suit

395 4123 399 4132 ’
480 4113 604 4184 ordinis
626 4113 828 4190 diaconatus,
843 4121 877 4176 et
899 4112 961 4176 suit
982 4112 1106 4177 electus
1129 4113 1161 4177 in
1185 4113 1275 4176 illum
1301 4113 1489 4197 episcopum
1513 4109 1592 4176 feria
1615 4120 1650 4189 4⁸
1671 4113 1704 4175 in
1727 4111 1829 4175 ebdo-

481 4235 580 4298 mada
612 4235 831 4310 Pentecostes,
858 4243 891 4298 et
922 4234 955 4298 in
987 4233 1136 4299 Sabbato
1166 4244 1291 4317 postea,
1322 4256 1365 4298 sc.
1401 4235 1432 4298 in
1460 4234 1570 4316 vigilia
1602 4231 1828 4297 Sanctissimae
