4308 4938
491 415 531 485 92
863 406 962 463 LOCI
988 406 1018 461 E
1046 405 1170 461 LIBRO
1205 403 1463 460 VERITATUM.

490 619 603 686 chielis
634 628 687 707 13⁰
713 628 788 698 ca⁰.‚
810 621 964 687 ‘Violant
984 625 1055 686 'me
1091 621 1134 684 ad
1171 620 1332 704 populum
1362 640 1473 684 meum
1507 628 1642 702 propter
1678 615 1840 701 pugillum

488 741 591 822 ordei,
615 742 635 805 i.
650 763 677 808 e.
699 763 759 826 pro
783 742 888 822 donis,
908 751 946 808 ut
967 741 1177 820 vivificarent,
1199 761 1244 806 sc.
1257 741 1338 806 false
1360 740 1509 814 diceudo,
1531 739 1659 804 animas
1678 759 1755 822 quae
1773 758 1840 803 non

490 862 613 939 vivunt,
639 864 840 928 mencientes
870 863 994 948 populo
1021 883 1097 927 meo
1127 862 1273 927 credenti
1305 859 1503 936 mendaciis‚’
1529 861 1549 924 i.
1566 883 1594 926 e.
1619 859 1709 924 salsis
1732 859 1841 924 verbis

489 981 630 1048 violatus
657 984 750 1048 Deus
776 994 872 1060 esset,
901 995 934 1049 et
959 983 1101 1049 violatus
1131 983 1294 1048 diceretur
1323 983 1349 1046 si
1375 981 1581 1064 voluptatem
1608 979 1735 1064 peccati
1765 978 1839 1044 dili-

476 1111 583 1186 geret
605 1113 639 1168 et
659 1104 686 1166 si
709 1123 767 1188 per
786 1104 867 1168 talia
888 1123 988 1188 opera
1003 1104 1134 1168 veniam
1155 1111 1298 1168 suamet
1315 1103 1460 1186 graciam
1482 1099 1652 1168 conferret.
1679 1099 1841 1166 ‘Pecunia

490 1219 566 1302 tua,'
586 1222 692 1306 inquit
712 1223 853 1290 Sanctus
869 1224 993 1300 Petrus,
1011 1227 1142 1290 ‘tecum
1166 1224 1209 1288 sit
1233 1223 1266 1287 in
1287 1223 1518 1308 perdicionem,
1535 1223 1614 1306 quia
1633 1221 1758 1286 donum
1774 1217 1840 1285 Dei

490 1343 688 1410 existimasti
711 1347 849 1427 pecunia
875 1345 1033 1428 possideri
1048 1343 1067 1423 ;'
1094 1343 1243 1409 Actuum
1266 1341 1309 1407 8⁰.
1355 1343 1518 1408 Converte
1543 1363 1622 1427 ergo
1644 1363 1705 1406 nos
1726 1340 1770 1406 ad
1793 1348 1839 1414 te,

490 1461 522 1528 Ο
539 1463 632 1529 Deus
647 1464 798 1530 salutaris
813 1466 942 1530 nosterl
964 1474 998 1530 et
1012 1464 1096 1530 sicut
1111 1464 1208 1530 luerit
1221 1463 1373 1528 voluntas
1389 1463 1423 1527 in
1438 1463 1524 1529 coelo
1539 1463 1586 1528 sic
1601 1462 1669 1527 fiat.
1693 1461 1817 1528 Amen.

576 1583 766 1668 Septimum
795 1584 919 1650 flumen
949 1585 1150 1650 Babilonicae
1185 1584 1384 1650 confusionis
1419 1583 1514 1668 plura
1548 1603 1649 1667 opera
1682 1582 1771 1647 bona
1805 1591 1840 1648 et

487 1702 617 1768 animas
649 1695 821 1769 destruens
856 1716 891 1770 et
925 1705 1013 1769 mala
1047 1725 1187 1770 causans
1219 1715 1270 1770 est
1305 1705 1427 1794 abusus
1460 1703 1747 1787 dispensacionum
1781 1723 1839 1766 seu

487 1822 698 1888 licenciamm
721 1825 889 1908 papalium
910 1834 945 1890 et
965 1825 1103 1889 aliorum
1126 1825 1354 1909 episcoporum
1378 1835 1411 1890 et
1434 1824 1693 1908 praesidencium.
1736 1822 1840 1888 Teste

489 1943 577 2008 enim
596 1944 798 2028 apostolia·
816 1945 860 2010 ad
877 1944 1073 2011 Corintheos
1089 1944 1216 2024 ultimo,
1231 1945 1368 2028 loquens
1384 1945 1426 2010 de
1444 1944 1612 2028 apostolis,
1631 1941 1727 2008 ‘Non
1750 1941 1838 2009 enim

488 2083 665 2146 possumus
693 2064 818 2149 aliquid
847 2064 1006 2130 adversus
1034 2065 1219 2142 veritatem,
1249 2065 1308 2129 sed
1339 2085 1399 2149 pro
1429 2064 1578 2130 veritate.
1632 2062 1838 2130 Potestatem

487 2184 577 2248 enim
600 2185 699 2250 michi
722 2186 815 2250 dedit
839 2187 1003 2250 Dominus
1029 2186 1062 2250 in
1085 2185 1342 2250 {edificacionem
1368 2195 1403 2250 et
1428 2206 1494 2249 non
1521 2185 1554 2249 in
1576 2184 1837 2248 destruccionem

403 2379 405 2384 ,
487 2303 651 2369 vestram!
697 2305 773 2370 Hoc
796 2305 841 2369 ibi
860 2305 1030 2388 apostolus
1048 2313 1081 2371 2⁸
1095 2305 1138 2370 ad
1155 2303 1353 2370 Corintheos
1374 2312 1429 2390 13⁰
1449 2311 1510 2371 ca⁰.
1555 2311 1566 2342 ‘
1578 2301 1709 2382 Nichil,’
1725 2303 1838 2386 inquit,

490 2431 683 2508 ‘possumus
708 2435 821 2490 contra
843 2425 1037 2502 veritatem)
1064 2447 1108 2490 sc·
1135 2445 1196 2490 nec
1225 2426 1311 2504 vitae,
1335 2445 1396 2490 nec
1422 2435 1537 2492 contra
1562 2425 1735 2489 veritatem
1760 2423 1837 2488 doc·

487 2543 591 2624 trinae,
607 2565 667 2610 nec
686 2544 837 2628 justiciae,
853 2555 890 2611 ut
910 2547 1055 2612 declarat
1076 2546 1207 2630 egregie
1228 2547 1356 2612 Doctor
1376 2545 1557 2611 Nicholaus
1578 2543 1717 2610 Gorram
1740 2561 1839 2628 super

489 2665 676 2748 Epistolam
700 2663 889 2732 Secundam
912 2668 956 2731 ad
981 2664 1199 2745 Corintheos;
1225 2677 1262 2731 'et
1288 2667 1363 2732 ideo
1385 2667 1465 2732 dicit
1487 2677 1620 2731 sanctus
1643 2665 1734 2749 Papa
1756 2663 1838 2730 Gre-

487 2786 598 2869 gorius
624 2806 723 2869 super
746 2785 975 2852 Ezechielem:
1005 2787 1141 2852 ‘Pocius
1164 2787 1288 2852 oriatur
1313 2786 1515 2866 scandalum,
1538 2807 1582 2851 sc.
1605 2785 1733 2851 occasio
1759 2784 1836 2849 mali

488 2905 588 2970 fiendi
614 2926 673 2989 per
698 2907 780 2970 alios
806 2928 907 2990 quam
932 2909 1053 2974 veritas
1079 2907 1289 2990 relinquatur,
1312 2927 1358 2972 sc.
1386 2907 1569 2972 necessaria
1596 2916 1630 2972 et
1655 2905 1836 2990 expediens

483 3026 608 3098 ¹ueritas
630 3026 674 3090 ad
697 3027 838 3092 salutem
860 3027 1062 3106 animarum,’
1083 3038 1120 3094 ut
1142 3037 1283 3094 testatur
1304 3027 1437 3108 ibidem,
1457 3048 1629 3110 exponens
1651 3027 1716 3093 ista
1738 3026 1838 3092 verba

488 3147 634 3224 Domini,
662 3146 790 3212 Mathei
820 3167 832 3208 r
839 3155 894 3231 5⁰:
929 3148 1054 3214 ‘Sinite
1079 3149 1162 3228 illos,
1184 3169 1228 3214 sc.
1252 3147 1434 3226 Phariseos,
1460 3147 1683 3223 scandalizari,
1709 3147 1729 3212 i.
1739 3166 1767 3213 e.
1793 3143 1836 3211 ad

488 3266 612 3331 malum
635 3269 756 3333 moveri
781 3271 963 3346 occasione,
988 3289 1089 3353 quam
1117 3267 1203 3334 male
1226 3269 1392 3352 accipiunt
1418 3289 1462 3333 ex
1486 3268 1594 3333 verbis
1618 3267 1700 3332 meis
1723 3264 1837 3332 bonis.¹

488 3387 606 3454 Pocius
635 3389 723 3453 enim
749 3389 908 3454 debemus
938 3389 1129 3474 permittere
1159 3389 1248 3455 mala
1276 3389 1354 3467 fieri,
1379 3409 1454 3472 quae
1480 3389 1639 3472 impedire
1669 3408 1735 3454 non
1760 3409 1836 3471 pos·

487 3529 609 3588 sumus,
635 3531 736 3592 quam
762 3532 783 3575 a
808 3511 897 3575 bono
927 3531 1062 3586 cessare,
1089 3511 1133 3575 ad
1159 3511 1250 3594 quod
1276 3519 1437 3575 tenemur.
1485 3511 1558 3574 Nec
1588 3508 1835 3574 eoncedendum

487 3638 538 3693 est
563 3629 689 3693 bonum
712 3650 778 3693 non
801 3631 1020 3694 necessarium
1042 3630 1121 3706 fieri,
1144 3631 1233 3695 unde
1255 3629 1320 3694 alia
1341 3631 1431 3695 bona
1457 3639 1491 3695 et
1516 3629 1600 3694 forte
1627 3627 1751 3711 majora
1776 3647 1836 3712 pro

487 3749 545 3814 illo
574 3749 663 3814 bono
692 3748 802 3814 fiendo
828 3751 1050 3815 destruuntur.
1095 3751 1288 3815 ‘Faciamus
1314 3751 1403 3816 mala
1429 3759 1466 3814 ut
1491 3749 1684 3814 habundent
1710 3745 1837 3812 bonai¹

487 3869 624 3949 ‘Absit,’
639 3871 745 3954 inquit
765 3871 945 3956 apostolus.
989 3873 1068 3936 Non
1089 3881 1140 3936 est
1160 3893 1239 3955 ergo
1257 3873 1382 3937 bonum
1402 3871 1568 3936 absentari
1583 3891 1604 3935 a
1619 3889 1696 3934 cura
1710 3869 1836 3933 anima-

487 4011 568 4072 rum,
591 4011 652 4056 nec
682 3993 836 4058 ecclesias
866 4003 899 4058 et
932 4013 1043 4057 curam
1073 3993 1258 4057 animarum
1287 3993 1411 4058 destrui
1441 4012 1501 4076 per
1528 3990 1836 4075 appropriationem

486 4111 540 4176 vel
562 4112 786 4194 pluralitatem
807 4135 867 4198 pro
888 4113 1032 4178 minimis
1051 4114 1147 4179 bonis
1168 4114 1294 4178 fiendis.
1339 4111 1437 4177 Plura
1458 4112 1545 4178 enim
1568 4111 1668 4176 licent
1688 4111 1721 4174 in
1746 4119 1836 4176 certo

487 4241 646 4317 tempore,
665 4255 739 4316 quae
755 4256 821 4300 non
837 4256 967 4320 semper
988 4235 1087 4301 licent
1108 4255 1168 4302 nec
1184 4234 1389 4319 expediunt;
1412 4243 1446 4298 et
1469 4233 1544 4298 ideo
1563 4231 1643 4298 dicit
1657 4229 1836 4316 apostolus,
