4338 4936
477 392 519 460 50
851 387 950 442 LOCI
975 387 1004 440 E
1033 388 1157 443 LIBRO
1193 388 1451 445 VERITATUM.

478 599 683 682 Psalterium,
707 623 805 686 super
829 603 886 667 illo
907 624 1003 668 versu
1028 604 1150 668 Psalmi
1174 617 1224 685 75,
1247 615 1285 670 ut
1307 605 1418 669 salvos
1443 604 1574 681 laceret,
1599 616 1680 684 etc.;
1713 615 1828 671 contra

477 724 552 789 illos
567 725 624 807 qui
644 725 767 802 dicunt,
782 723 992 808 Augustinus
1007 723 1061 788 vel
1079 725 1156 797 talis
1178 725 1296 790 doctor
1309 726 1371 789 suit
1390 726 1492 789 homo
1515 735 1552 790 ut
1574 746 1637 810 ego
1658 747 1742 803 sum,
1766 737 1828 792 etc.

565 854 599 922 [p.
614 853 685 922 4²7·]
725 843 898 909 Contrario
918 865 996 909 vero
1019 844 1120 908 modo
1141 853 1279 927 possunt
1300 845 1408 909 dicere
1429 845 1539 928 plures
1555 846 1709 929 episcopi,
1727 868 1828 931 reges

478 973 513 1030 et
535 966 675 1046 patroni,
699 965 905 1031 conferentes
928 975 1059 1030 curatos
1087 975 1120 1030 et
1146 965 1319 1030 officiarios
1345 965 1470 1049 populo
1501 967 1576 1031 Dei.
1621 967 1828 1050 ‘Numquid

480 1086 511 1153 Ο
538 1085 694 1170 parochia
719 1085 816 1150 talis!
855 1106 912 1150 seu
944 1085 975 1151 O
1003 1083 1125 1169 popule
1153 1085 1238 1150 Deil
1277 1086 1437 1169 numquid
1465 1107 1528 1169 ego
1559 1108 1628 1162 rex,
1652 1107 1715 1170 ego
1746 1089 1831 1171 epis-

479 1227 592 1291 copus,
615 1228 678 1292 ego
707 1215 866 1289 patronus
895 1205 1051 1281 ecclesiae,
1076 1206 1236 1288 numquid
1266 1227 1329 1288 ego
1359 1205 1474 1290 decepi
1503 1228 1563 1271 vos
1593 1207 1727 1289 quando
1758 1208 1837 1271 misi,

478 1328 572 1392 vobis
601 1326 704 1391 talem
735 1328 890 1410 cupidum
917 1327 1118 1405 officiarium,
1144 1326 1196 1390 vel
1227 1325 1329 1391 talem
1359 1335 1519 1405 curatum,
1545 1325 1598 1390 vel
1628 1329 1837 1411 episcopum,

478 1448 535 1530 qui
566 1467 632 1512 non
661 1447 828 1512 residebat
854 1455 943 1511 recte
973 1445 1006 1509 in
1031 1467 1109 1510 cura
1138 1467 1206 1526 sua,
1228 1448 1284 1530 qui
1309 1446 1371 1511 luit
1398 1447 1517 1524 ebrius,
1541 1447 1661 1512 absens
1685 1467 1706 1510 a
1728 1447 1831 1523 vobis,

477 1587 601 1632 nocens
630 1569 724 1632 vobis
753 1566 969 1650 parochianis,
990 1568 1177 1631 omittendo
1206 1587 1306 1650 opera
1329 1567 1424 1631 vobis
1450 1567 1572 1645 debita,
1602 1577 1637 1632 et
1667 1567 1723 1631 illa
1756 1587 1836 1632 nec--

476 1688 621 1772 ligendo,
656 1698 690 1752 et
727 1687 815 1752 mala
848 1689 976 1752 diversa
1010 1687 1259 1762 committendo,
1290 1687 1451 1769 numquid
1482 1687 1584 1752 talem
1615 1688 1831 1770 praepositum

476 1809 571 1874 vobis
596 1808 768 1887 mittendo,
792 1829 852 1872 vos
877 1806 1017 1891 decepi?
1063 1807 1162 1872 Certe
1184 1828 1244 1871 vos
1264 1808 1389 1890 decepi,
1414 1817 1447 1871 et
1472 1829 1531 1871 vos
1554 1807 1623 1871 laesi
1647 1809 1681 1872 in
1703 1807 1775 1886 hoc,
1799 1817 1834 1872 et

478 1930 597 2008 dicam,
623 1929 723 1994 velim
750 1928 861 2006 nolim,
887 1948 999 1992 coram
1026 1927 1100 1991 Deo
1127 1928 1181 1991 die
1203 1927 1318 2010 judicii
1343 1929 1407 1991 mei
1435 1928 1524 2006 recti,
1547 1928 1574 1991 si
1601 1926 1833 1992 bonushomo

480 2049 597 2114 suisset
622 2049 675 2113 hic
702 2050 734 2112 in
763 2049 826 2112 ista
853 2068 930 2112 cura
953 2057 1032 2112 tunc
1053 2047 1155 2112 frater
1180 2067 1273 2111 meus
1301 2068 1367 2112 non
1396 2047 1511 2112 luisset
1534 2049 1580 2113 sic
1603 2059 1764 2125 mortuus,
1788 2059 1836 2112 sc.'

480 2169 622 2254 populus
646 2171 798 2246 Xtianus‚
821 2170 878 2252 qui
905 2170 1122 2252 permissum
1147 2190 1168 2232 a
1193 2190 1246 2232 me
1272 2170 1376 2253 periit,
1405 2171 1480 2234 ideo
1503 2170 1600 2252 juste,
1627 2170 1689 2234 Vae
1712 2169 1832 2234 michi!

481 2291 559 2374 quia
583 2291 685 2356 talem
709 2290 924 2374 praepositum
942 2290 1067 2373 populo
1088 2290 1152 2355 Dei
1177 2287 1272 2354 misi.’
1317 2287 1434 2374 ‘Ego'
1454 2291 1560 2374 inquit
1580 2291 1767 2374 Apostolus
1789 2291 1835 2355 ad

483 2409 711 2494 Philippenses
728 2419 769 2489 2¹,
787 2413 903 2493 ‘spero
927 2410 960 2473 in
988 2409 1135 2474 Domino
1157 2411 1237 2492 Jesu
1260 2410 1488 2486 Timotheum,
1504 2432 1548 2476 sc.
1569 2413 1675 2476 virum
1697 2412 1833 2486 bonum,

483 2533 549 2597 cito
580 2551 634 2595 me
664 2532 796 2596 mittere
829 2532 871 2595 ad
902 2551 970 2608 vos,
997 2531 1162 2594 neminem
1193 2533 1280 2595 enim
1311 2531 1419 2596 habeo
1448 2542 1518 2596 tam
1548 2533 1748 2610 unanimem,
1777 2531 1833 2614 qui

482 2651 608 2716 sincera
634 2651 811 2716 affeccione
836 2671 896 2734 pro
922 2651 1017 2715 vobis
1043 2651 1201 2716 sollicitus
1227 2651 1291 2716 sit.’
1335 2651 1404 2717 Sed
1431 2673 1493 2735 pro
1518 2652 1624 2716 salute
1650 2652 1834 2716 animarum

481 2781 664 2836 vestrarum
695 2770 907 2836 consimiliter
940 2771 1063 2836 diceret
1092 2791 1180 2854 papa
1224 2772 1379 2836 ordinans
1418 2772 1537 2836 Romae
1569 2772 1834 2856 poenitenciarios

482 2892 641 2975 puplicOS,
671 2901 705 2957 et
735 2913 837 2976 reges,
867 2901 901 2956 et
934 2893 1088 2976 episcopi,
1119 2901 1153 2956 et
1183 2892 1323 2976 patroni,
1354 2903 1388 2957 et
1417 2894 1607 2958 ordinantes
1633 2892 1769 2975 judices,
1800 2901 1834 2956 et

483 3012 664 3091 officiarios,
690 3012 723 3076 in
746 3013 870 3096 populo
896 3012 1061 3076 dicerent:
1089 3012 1214 3078 ‘Mitto
1236 3013 1330 3077 vobis
1353 3013 1455 3077 talem
1478 3013 1602 3078 bonum
1626 3023 1660 3078 et
1683 3021 1834 3078 sanctum

482 3133 597 3213 virum,
621 3135 699 3216 quia
725 3135 890 3198 neminem
917 3133 1024 3197 habeo
1050 3135 1106 3215 qui
1136 3134 1182 3198 ita
1211 3135 1388 3199 concordet
1415 3155 1497 3198 meae
1524 3133 1686 3198 voluntati
1713 3135 1747 3196 in
1771 3133 1834 3196 hoc

483 3264 599 3318 sancto
632 3255 769 3337 negocio
805 3276 862 3320 seu
893 3255 1001 3318 officio
1032 3254 1229 3337 exequendo
1265 3251 1373 3318 recte.³
1434 3255 1521 3319 Item
1555 3255 1630 3319 talis
1666 3253 1836 3318 ordinator

483 3376 806 3457 poenitenciariorum
829 3387 863 3441 et
882 3377 1111 3457 episcoporum
1134 3383 1168 3438 et
1191 3374 1339 3457 judicum
1364 3383 1398 3439 et
1419 3384 1607 3440 curatorum
1630 3385 1664 3439 et
1686 3373 1835 3438 officiari·

483 3515 578 3560 orum
601 3497 725 3562 diceret
750 3497 835 3560 sicut
858 3495 1000 3561 Sanctus
1024 3494 1145 3558 Paulus
1168 3496 1256 3560 dixit
1279 3493 1474 3560 Corintheis.

571 3626 605 3692 [p.
623 3625 692 3690 με]
737 3617 823 3682 Vide
848 3617 911 3681 hoc
939 3637 1038 3699 super
1065 3625 1198 3680 textum
1226 3615 1383 3698 Apostoli
1410 3637 1469 3699 per
1495 3617 1667 3680 dominum
1694 3613 1834 3678 Lincoln

484 3757 583 3820 super
604 3737 773 3820 Epistolas
791 3739 881 3803 beati
903 3738 994 3802 Pauli
1013 3737 1163 3820 apostoli,
1185 3757 1284 3819 super
1305 3757 1388 3820 quas
1408 3737 1539 3821 scripsit
1561 3757 1620 3800 sua
1638 3755 1738 3798 manu
1760 3755 1835 3817 pro·

484 3859 564 3942 pria,
581 3869 615 3924 et
637 3859 729 3924 illam
751 3861 946 3943 scripturam
967 3861 1035 3924 vidi
1056 3860 1190 3942 quando
1208 3857 1253 3922 lui
1272 3858 1483 3923 cancellarius
1500 3858 1663 3936 Oxoniae3
1688 3877 1748 3940 pro
1768 3875 1835 3938 qua

486 3981 621 4046 Oxonia
640 3980 711 4064 jam
732 3981 849 4047 dolens
867 3983 959 4046 dico:
985 3977 1080 4044 Heu!
1103 3979 1186 4044 heu!
1209 3978 1291 4044 heul
1314 3980 1458 4043 Domine
1479 3979 1589 4043 Deusl
1613 3997 1673 4061 pro
1691 3975 1835 4058 peccatis

485 4102 713 4186 magnisque
735 4105 767 4167 in
789 4102 959 4186 praetensis
979 4101 1190 4166 studentibus
1206 4100 1358 4175 Oxoniae,
1376 4121 1450 4184 quae
1470 4120 1554 4164 onus
1573 4107 1623 4163 est
1640 4097 1734 4181 quasi
1753 4104 1835 4160 totae

485 4225 600 4307 patriae
621 4223 863 4308 circumjacenti
884 4225 922 4302 ei,
938 4243 997 4306 per
1016 4222 1110 4289 illata
1131 4243 1191 4305 per
1211 4221 1421 4288 Oxonienses
1441 4229 1622 4304 pratenses
1640 4217 1791 4284 scolares.
