4322 4936
705 408 805 462 LOCI
830 408 860 460 E
888 408 1013 462 LIBRO
1048 409 1307 464 VERITATUM.
1621 403 1684 468 2¹9

331 633 364 688 et
387 623 476 688 idem
503 645 562 688 rex
590 625 676 689 dixit
707 648 742 690 se
772 626 935 690 iacturum
963 625 1139 709 collegium
1170 624 1402 707 theologorum
1432 629 1467 685 et
1494 617 1684 682 artistarum

330 744 363 806 in
395 755 502 810 castro
529 745 683 822 Oxoniae,
715 756 749 811 et
779 755 955 811 annectere
981 749 1029 811 eis
1058 768 1176 812 omnes
1205 747 1367 830 prioratus
1393 745 1427 806 in
1454 739 1580 822 Anglia
1610 758 1685 822 quae

330 865 539 948 pertinebant
561 867 754 949 alienigenis
777 877 874 932 extra
896 889 1056 952 regnum,
1083 877 1116 932 et
1138 868 1203 932 hoc
1225 865 1330 930 voluit
1352 887 1396 929 ex
1419 862 1555 928 licencia
1577 881 1685 944 papae,

330 986 389 1049 sed
411 997 518 1050 morte
540 998 730 1070 praeventus
753 1001 822 1053 estt
847 999 881 1053 et
906 988 991 1052 filius
1015 1011 1102 1066 suus,
1122 988 1287 1052 Henricus
1304 985 1439 1063 Sextus,
1461 986 1494 1048 in
1512 983 1687 1066 juventute

330 1127 390 1170 sua
412 1107 506 1171 dedit
523 1110 630 1173 dictos
650 1110 812 1192 prioratus
833 1109 974 1193 collegio
990 1111 1032 1174 de
1049 1109 1139 1174 Eton
1159 1107 1259 1192 juxta
1274 1108 1471 1172 Windesore
1491 1115 1524 1170 et
1545 1105 1686 1187 collegio

332 1228 446 1293 Sancti
470 1229 622 1295 Nicholai
646 1231 678 1294 in
703 1229 917 1314 Cantibrigia.

417 1359 458 1426 [p.
473 1360 542 1428 604]
585 1359 750 1426 Regnum.
804 1352 881 1416 Rex
907 1349 1052 1434 Angliae,
1084 1351 1248 1416 Henricus
1272 1351 1407 1429 Sextus,
1433 1371 1453 1414 a
1479 1347 1687 1433 possessione

332 1470 553 1546 Normanniae‚
578 1484 612 1537 et
630 1472 848 1556 Andagaviae,
868 1482 902 1537 et
926 1471 1173 1551 Cenomanniae,
1195 1481 1229 1537 et
1244 1472 1420 1537 Vasconiae
1443 1471 1576 1536 recessit
1599 1489 1686 1534 anno

332 1592 468 1656 Domini
481 1604 575 1673 1450,
590 1604 624 1658 et
640 1595 704 1660 ista
723 1595 904 1671 occasione,
919 1603 957 1658 ut
974 1593 1239 1658 dicitur:-Dux
1256 1591 1483 1669 Suthsolchiae,
1499 1591 1687 1654 Willelmus

331 1713 421 1788 Pulc,
438 1716 571 1777 nomine
589 1715 813 1797 procuratorio
833 1714 982 1798 ejusdem
1000 1714 1085 1798 regis
1101 1713 1244 1797 Angliae,
1265 1715 1477 1798 desponsavit
1498 1713 1530 1775 in
1547 1711 1688 1778 Francia

331 1835 565 1918 Margaretam,
595 1836 698 1900 filiam
728 1837 883 1920 praetensi
907 1837 992 1919 regis
1018 1835 1160 1914 Ceciliae,
1185 1836 1319 1900 nomine
1349 1835 1574 1919 procuratorio
1601 1833 1687 1917 regis

330 1955 466 2039 Angliae
487 1957 624 2022 Henrici
642 1957 749 2036 Sexti,
774 1967 853 2022 tunc
879 1959 911 2022 in
932 1958 1058 2042 Anglia
1081 1959 1276 2035 existentis;
1301 1969 1335 2023 et
1358 1978 1432 2022 eam
1458 1966 1537 2021 tunc
1561 1955 1687 2019 dimisit

330 2077 362 2140 in
388 2077 535 2156 Francia,
559 2089 593 2142 et
619 2080 750 2144 rediens
773 2080 805 2143 in
828 2079 1000 2164 Angliam‚
1023 2089 1057 2143 et
1085 2079 1198 2144 multis
1225 2079 1381 2162 expensis
1407 2077 1539 2160 paratis,
1567 2077 1685 2140 iterum

331 2198 427 2262 rediit
446 2200 479 2261 in
496 2201 679 2277 Franciam,
696 2211 732 2264 ut
755 2202 891 2265 duceret
914 2202 1004 2284 prius
1026 2202 1264 2284 desponsatam
1288 2201 1435 2283 reginam
1459 2201 1492 2264 in
1508 2199 1686 2281 Angliam3

330 2329 364 2382 et
387 2328 467 2384 ωηο
489 2320 551 2385 luit
575 2322 608 2385 in
634 2322 772 2386 Francia
797 2345 856 2406 per
881 2324 996 2386 decem
1020 2331 1054 2386 et
1076 2333 1205 2405 septem
1228 2323 1440 2405 septimanas,
1460 2321 1607 2385 nesciens
1630 2319 1686 2383 ubi

330 2443 488 2524 praedicta
513 2443 701 2526 Margareta
724 2443 793 2522 luit,
812 2465 872 2508 nec
898 2444 953 2508 ubi
978 2444 1135 2522 condita3
1163 2453 1196 2507 et
1221 2453 1300 2508 tunc
1321 2445 1392 2507 dux
1418 2442 1604 2526 praedictus,
1629 2443 1685 2524 qui

329 2562 513 2626 inconsulte
540 2563 710 2627 dimiserat
737 2564 827 2628 illam
854 2566 944 2646 prius
974 2565 1060 2629 intra
1087 2566 1240 2642 Francos,
1263 2565 1379 2628 videns
1407 2585 1442 2628 se
1468 2565 1577 2647 ipsum
1604 2563 1687 2627 dura

330 2705 374 2747 ex
400 2683 566 2746 verisimili
592 2705 775 2766 passurum,
799 2686 826 2748 si
855 2686 927 2749 sine
954 2685 1010 2748 illa
1037 2686 1069 2748 in
1091 2685 1252 2769 Angliam
1278 2685 1408 2760 rediret,
1432 2706 1471 2748 eo
1498 2685 1587 2767 quod
1615 2683 1686 2747 sine

330 2805 468 2869 concilio
489 2806 579 2886 regni
601 2805 735 2887 Angliae
758 2805 820 2869 hoc
843 2806 1091 2870 matrimonium
1110 2805 1236 2870 lactum
1259 2805 1329 2884 luit,
1347 2805 1515 2870 consensis
1535 2805 1630 2881 votis,
1651 2815 1686 2869 et

330 2925 501 2989 desideriis
538 2926 625 3007 regis
662 2935 741 2990 tunc
772 2926 928 3002 Franciae,
961 2938 1004 3002 et,
1030 2935 1066 2990 ut
1097 2927 1223 3000 dicitur,
1255 2925 1444 3009 manucepit
1477 2925 1585 2990 eidem
1616 2926 1685 3008 regi

331 3047 487 3122 Franciae,
511 3048 599 3129 quod
632 3068 691 3110 rex
715 3047 849 3129 Angliae
879 3047 965 3112 votis
996 3049 1081 3130 regis
1108 3048 1256 3112 Franciae
1283 3048 1483 3111 consentiret
1509 3047 1564 3126 sic,
1594 3047 1684 3130 quod

330 3169 489 3250 praedicta
506 3170 696 3252 Margareta
723 3171 874 3232 manibus
896 3179 930 3234 et
956 3170 1115 3253 potestati
1141 3170 1290 3252 praedicti
1314 3169 1406 3234 ducis
1420 3168 1578 3232 Willelmi
1603 3169 1684 3232 Pule

330 3288 574 3368 deliberaretur,
597 3301 634 3355 ut
662 3311 737 3354 eam
764 3291 899 3354 duceret
927 3291 960 3353 in
988 3290 1169 3371 Angliam3
1199 3299 1232 3353 et
1258 3290 1305 3352 sic
1331 3290 1420 3354 lacta
1444 3299 1494 3353 est
1523 3289 1685 3353 alienacio

331 3410 545 3474 Normanniae
576 3421 610 3474 et
643 3410 875 3493 praedictorum
909 3421 1069 3474 terrarum
1099 3409 1169 3474 sine
1200 3411 1387 3474 resistencia
1417 3409 1616 3493 Anglorum,
1650 3419 1684 3474 et

330 3532 401 3593 sine
427 3531 552 3595 tributo
578 3531 712 3596 annuali
737 3532 896 3595 solvendo
922 3531 1067 3614 Angliae,
1095 3541 1128 3595 et
1153 3533 1224 3594 sine
1249 3531 1360 3614 aliqua
1386 3550 1468 3613 pace
1494 3531 1582 3594 finali
1608 3551 1685 3595 con-

330 3650 420 3715 clusa
447 3673 503 3714 seu
528 3672 684 3716 concessa
711 3664 791 3717 tunc
815 3654 900 3716 inter
926 3652 981 3718 illa
1006 3653 1074 3716 duo
1101 3673 1211 3735 regna.
1261 3651 1292 3716 O
1318 3653 1344 3716 si
1370 3652 1444 3716 finis
1470 3652 1581 3735 magni
1606 3651 1684 3716 mali

331 3773 489 3853 praeteriti
517 3783 604 3836 esset
629 3794 697 3856 pax
723 3775 797 3837 Deo
822 3773 957 3856 placens
982 3773 1067 3836 inter
1092 3773 1156 3838 ista
1181 3793 1282 3856 regna
1305 3771 1440 3856 Angliae
1467 3781 1500 3836 et
1525 3773 1683 3847 Francia,

330 3911 432 3973 quam
458 3891 593 3975 Anglici
617 3904 796 3976 potuerunt
821 3903 920 3958 antea
948 3894 1102 3958 habuisse
1133 3914 1208 3957 curn
1240 3914 1362 3976 magna
1390 3914 1521 3957 summa
1551 3893 1685 3956 annuali

330 4013 501 4076 annuatim
529 4013 680 4097 Anglicis
711 4015 890 4090 reddenda,
916 4015 943 4078 si
970 4037 1054 4080 unus
1084 4017 1155 4079 dux
1182 4015 1318 4097 Angliae
1349 4026 1383 4080 et
1413 4015 1587 4098 episcopus
1618 4035 1685 4078 non

331 4134 622 4212 contradixissent,
646 4137 781 4218 quando
804 4137 979 4200 concilium
1003 4137 1172 4220 utriusque
1194 4139 1297 4220 partis
1318 4137 1381 4200 luit
1402 4138 1490 4221 apud
1513 4133 1602 4200 aras!

419 4265 452 4331 [p.
469 4264 540 4330 605.]
586 4257 746 4340 Praecepit
764 4260 936 4336 Dominus,
953 4259 1091 4322 Numeri
1109 4258 1149 4340 36
1170 4265 1242 4336 ca⁰.,
1260 4261 1349 4342 quod
1371 4279 1486 4322 omnes
1506 4257 1565 4322 viri
1586 4259 1685 4323 duce·

968 4377 988 4422 F
1004 4362 1019 4423 s
1034 4379 1051 4423 2
