4308 4938
473 412 514 483 92
846 404 945 461 LOCI
970 405 1001 459 E
1029 403 1152 459 LIBRO
1188 402 1446 459 VERITATUM.

473 617 586 684 chielis
616 625 670 705 13⁰
696 625 771 696 ca⁰.‚
793 619 946 685 ‘Violant
967 623 1037 684 'me
1073 619 1117 683 ad
1154 618 1314 702 populum
1345 639 1456 683 meum
1489 627 1625 701 propter
1661 613 1821 700 pugillum

472 739 573 818 ordei,
597 739 618 803 i.
633 761 659 805 e.
681 761 742 824 pro
765 740 870 820 donis,
891 751 929 806 ut
950 739 1159 818 vivificarent,
1181 761 1226 806 sc.
1240 739 1321 804 false
1343 739 1492 813 dicendo,
1513 738 1642 803 animas
1662 758 1737 821 qua:
1756 756 1822 802 non

472 860 595 937 vivunt,
621 861 823 926 mencientes
853 861 977 946 populo
1004 881 1080 925 meo
1110 860 1256 925 credenti
1287 857 1486 934 mendaciis?
1512 859 1532 922 i.
1548 881 1577 924 e.
1601 858 1692 923 salsis
1714 857 1823 922 verbis

472 979 613 1046 violatus
640 982 733 1046 Deus
758 992 854 1058 esset,
883 991 917 1047 et
942 981 1084 1046 violatus
1113 981 1277 1046 diceretur
1305 982 1332 1045 si
1358 979 1564 1063 voluptatem
1590 977 1718 1064 peccati
1747 977 1821 1042 dili·

459 1109 566 1183 geret
588 1111 621 1166 et
641 1101 669 1164 si
691 1121 750 1186 per
769 1103 850 1166 talia
871 1121 971 1185 opera
986 1102 1116 1166 veniam
1137 1110 1281 1166 suamet
1298 1101 1442 1184 graciam
1465 1098 1634 1166 conferret.
1662 1097 1823 1164 ‘Pecunia

473 1216 549 1299 tua,’
569 1220 675 1304 inquit
694 1221 836 1288 Sanctus
852 1221 976 1299 Petnrs‚
994 1225 1124 1288 ‘tecum
1149 1223 1192 1286 sit
1215 1222 1249 1286 in
1270 1221 1501 1307 perdicionem,
1518 1221 1596 1305 quia
1616 1219 1741 1284 donum
1757 1217 1822 1283 Dei

472 1340 671 1406 existimasti
694 1345 832 1425 pecunia
857 1343 1016 1426 possideri
1031 1340 1050 1422 ;’
1076 1341 1226 1407 Actuum
1248 1339 1292 1405 8⁰.
1337 1341 1501 1407 Converte
1526 1361 1605 1426 ergo
1627 1361 1688 1405 nos
1709 1340 1753 1405 ad
1775 1349 1821 1412 te,

473 1459 505 1525 0
522 1461 615 1526 Deus
629 1461 781 1527 salutaris
795 1464 924 1528 noster!
946 1472 980 1528 et
995 1462 1079 1528 sicut
1093 1461 1190 1527 suerit
1204 1461 1356 1528 voluntas
1371 1463 1405 1526 in
1421 1461 1506 1528 coelo
1522 1462 1568 1526 sic
1583 1461 1652 1526 fiat.
1676 1459 1799 1526 Amen.

559 1581 748 1665 Septimum
778 1582 901 1647 flumen
931 1583 1133 1647 Babilonicae
1168 1582 1366 1648 confusionis
1402 1581 1497 1666 plura
1531 1602 1632 1666 opera
1665 1581 1754 1646 bona
1788 1589 1822 1646 et

470 1699 600 1765 animas
631 1702 803 1767 destruens
838 1713 873 1768 et
908 1702 995 1768 mala
1030 1723 1169 1767 causans
1201 1713 1253 1767 est
1287 1703 1409 1792 abusus
1443 1701 1730 1785 dispensacionum
1764 1721 1821 1765 seu

470 1819 681 1886 licenciamm
703 1823 871 1906 papalium
892 1832 927 1888 et
947 1823 1086 1887 aliorum
1108 1823 1337 1907 episcoporum
1360 1833 1394 1888 et
1416 1823 1675 1906 praesidencium.
1719 1821 1822 1887 Teste

471 1941 560 2006 enim
579 1942 730 2026 apostoli,
747 1951 781 2008 2¹
799 1943 842 2008 ad
860 1941 1056 2009 Corintheos
1071 1943 1198 2022 ultimo,
1213 1943 1351 2026 loquens
1366 1943 1409 2008 de
1426 1943 1595 2026 apostolis,
1614 1941 1710 2006 ‘Non
1732 1941 1820 2007 enirn

471 2081 647 2144 possumus
676 2061 800 2146 aliquid
829 2062 988 2128 adversus
1017 2063 1201 2140 veritatem,
1231 2064 1290 2127 sed
1321 2084 1381 2146 pro
1411 2061 1560 2129 veritate.
1614 2062 1820 2129 Potestatem

469 2181 559 2246 enirn
582 2183 681 2248 michi
705 2183 798 2248 dedit
821 2183 985 2248 Dominus
1011 2183 1045 2248 in
1067 2183 1324 2248 aedifrcacionem
1351 2193 1385 2248 et
1411 2204 1476 2248 non
1503 2183 1536 2247 in
1559 2182 1819 2248 destruccionem

470 2301 634 2366 vestram!
679 2303 756 2368 Hoc
779 2303 823 2367 ibi
842 2302 1012 2386 apostolus
1030 2311 1063 2368 2⁸
1077 2303 1120 2367 ad
1138 2301 1335 2368 Corintheos
1357 2310 1411 2388 13⁰
1431 2309 1492 2369 ca⁰.
1538 2300 1692 2380 ‘Nichil,’
1708 2301 1820 2385 inquit,

472 2427 665 2504 ‘possumus
690 2433 804 2488 contra
825 2423 1019 2501 veritatem,’
1046 2443 1090 2488 sc·
1117 2444 1178 2488 nec
1207 2424 1294 2502 vitae,
1318 2445 1378 2489 nec
1405 2433 1519 2490 contra
1545 2423 1719 2489 veritatem
1742 2422 1819 2488 doc·

470 2541 574 2621 trinae,
589 2563 650 2607 nec
669 2541 820 2625 justiciae,
835 2553 872 2608 ut
892 2544 1038 2609 declarat
1058 2545 1190 2627 egregie
1210 2545 1339 2610 Doctor
1358 2544 1540 2609 Nicholaus
1561 2542 1700 2608 Gorram
1722 2561 1821 2626 super

471 2661 659 2744 Epistolam
682 2661 872 2729 Secundam
895 2666 938 2728 ad
963 2663 1181 2744 Corintheos;
1207 2675 1245 2729 'et
1271 2665 1346 2730 ideo
1367 2665 1447 2730 dicit
1470 2675 1602 2729 sanctus
1625 2664 1716 2747 Papa
1739 2662 1820 2729 Gre-

469 2783 581 2866 gorius
606 2803 705 2866 super
728 2783 957 2850 Ezechielem:
987 2785 1124 2850 ‘Pocius
1147 2786 1270 2850 oriatur
1295 2784 1498 2863 scandalum,
1520 2805 1564 2849 sc.
1587 2784 1715 2850 occasio
1741 2783 1819 2848 mali

470 2903 570 2966 fiendi
596 2924 656 2986 per
680 2903 762 2968 alios
789 2925 890 2988 quam
915 2906 1035 2972 veritas
1061 2905 1271 2988 relinquatur,
1295 2925 1339 2971 sc.
1368 2905 1552 2970 necessaria
1578 2914 1612 2971 et
1637 2903 1819 2987 expediens

465 3023 591 3094 ,veritas
613 3023 656 3088 ad
679 3024 820 3090 salutem
843 3025 1044 3104 animarum,'
1065 3036 1102 3090 ut
1125 3036 1265 3091 testatur
1286 3025 1419 3106 ibidem,
1439 3046 1611 3109 exponens
1634 3025 1698 3091 ista
1720 3025 1820 3090 verba

471 3143 616 3221 Domini,
645 3143 772 3210 Mathei
803 3152 876 3228 15⁰:
911 3145 1036 3212 ‘Sinite
1062 3146 1145 3226 illos,
1167 3167 1211 3212 sc.
1235 3145 1416 3223 Phariseos‚
1442 3145 1665 3222 scandalizari,
1691 3145 1712 3210 i.
1722 3165 1750 3212 e.
1775 3141 1818 3210 ad

470 3263 594 3328 malum
617 3266 738 3330 moveri
763 3268 945 3343 occasione,
970 3287 1071 3350 quarn
1099 3265 1185 3332 male
1209 3249 1374 3350 accipiunt
1400 3287 1445 3331 ex
1468 3266 1576 3331 verbis
1600 3266 1682 3331 meis
1705 3263 1819 3330 bonis?

470 3384 588 3450 Pocius
617 3386 705 3451 enim
731 3387 891 3452 debemus
920 3387 1111 3472 permittere
1141 3387 1230 3452 mala
1258 3387 1336 3465 fieri,
1361 3407 1436 3470 quae
1462 3387 1621 3470 impedire
1651 3406 1717 3452 non
1743 3407 1818 3470 pos·

469 3526 591 3586 sumus,
617 3527 718 3589 quam
745 3529 766 3572 a
790 3508 879 3572 bono
909 3528 1044 3585 cessare,
1071 3509 1115 3572 ad
1142 3509 1232 3592 quod
1258 3517 1418 3572 tenemur.
1467 3508 1540 3573 Nec
1570 3506 1817 3572 concedendum

469 3636 519 3690 est
545 3626 671 3690 bonum
694 3648 760 3690 non
783 3629 1002 3692 necessarium
1025 3627 1103 3703 fieri,
1126 3629 1215 3692 unde
1238 3627 1302 3692 alia
1323 3629 1413 3693 bona
1439 3638 1473 3694 et
1498 3628 1583 3692 forte
1609 3625 1733 3710 majora
1758 3644 1818 3710 pro

469 3745 527 3812 illo
556 3747 645 3812 bono
674 3747 784 3812 fiendo
810 3748 1032 3814 destruuntur.
1077 3748 1270 3813 ‘Faciamus
1296 3749 1385 3814 mala
1411 3757 1448 3812 ut
1473 3747 1667 3813 habundent
1692 3744 1820 3810 bonal’

469 3867 606 3946 ‘Absit'
621 3869 727 3951 inquit
747 3868 926 3954 apostolus.
971 3871 1050 3934 Non
1071 3879 1122 3934 est
1142 3891 1221 3953 ergo
1239 3870 1364 3935 bonum
1384 3869 1550 3934 absentari
1565 3889 1585 3932 a
1601 3887 1678 3933 cura
1692 3869 1818 3932 anima·

468 4009 550 4069 rum,
574 4009 633 4054 nec
664 3990 818 4055 ecclesias
848 3999 882 4056 et
914 4011 1026 4055 curam
1055 3991 1240 4055 animarum
1270 3991 1393 4056 destrui
1424 4011 1483 4074 per
1511 3989 1817 4072 appropriacionem

468 4109 522 4173 vel
544 4109 768 4192 pluralitatem
789 4132 849 4195 pro
870 4111 1013 4176 rninimis
1033 4112 1129 4176 bonis
1150 4111 1276 4176 fiendis.
1321 4109 1420 4174 Plura
1440 4111 1527 4176 enim
1550 4109 1650 4174 licent
1670 4109 1703 4172 in
1727 4117 1818 4173 certo

468 4239 628 4314 tempore,
647 4253 721 4315 quae
737 4253 803 4298 non
819 4253 950 4316 semper
970 4233 1070 4299 licent
1090 4253 1150 4299 nec
1166 4231 1371 4316 expediunt;
1394 4241 1428 4296 et
1451 4231 1526 4296 ideo
1545 4230 1624 4297 dicit
1639 4227 1817 4314 apostolus,
