4322 4936
710 406 809 460 LOCI
834 406 864 459 E
892 405 1017 460 LIBRO
1052 405 1311 462 VERITATUM.
1625 411 1688 480 215

336 621 380 684 ibi
396 620 577 702 abjuravit:
602 631 635 683 et
651 621 813 684 combusti
830 619 960 683 luerunt
976 629 1054 683 tunc
1069 631 1148 684 ante
1164 641 1240 684 eum
1255 622 1299 685 ad
1316 641 1446 685 crucem
1462 621 1577 686 Sancti
1594 619 1687 685 Pauli

334 741 485 824 apostoli,
501 742 534 804 in
553 739 609 804 illo
625 741 793 817 cimiterio,
810 739 882 803 libri
899 740 1048 820 ejusdem
1065 741 1212 824 magistri
1229 742 1405 824 Reginaldi
1422 743 1541 822 Pecok,
1556 742 1687 806 Wallici

335 863 469 944 origine,
494 872 528 925 et
557 871 636 925 tunc
663 861 807 942 episcopi
836 859 1050 936 Cicistrensis,
1078 863 1134 943 qui
1164 871 1263 926 antea
1293 863 1356 927 luit
1386 865 1559 948 episcopus
1583 863 1688 926 Assa-

334 984 444 1046 vensis
467 984 499 1046 in
520 983 638 1060 Vallia,
661 992 695 1046 et
722 983 890 1064 quondam
916 982 977 1045 fuit
1004 983 1111 1046 socius
1135 982 1265 1066 collegii
1290 984 1334 1048 de
1357 983 1462 1049 Oriell
1487 986 1519 1048 in
1543 984 1687 1062 Oxonia‚

335 1113 369 1167 et
393 1104 509 1168 doctor
531 1103 593 1167 luit
617 1101 818 1167 Oxoniensis
840 1103 873 1164 in
896 1101 1089 1185 Theologia,
1106 1111 1139 1165 et
1162 1123 1222 1168 nec
1248 1113 1326 1169 ante
1347 1106 1487 1186 gradum
1512 1104 1604 1168 illum
1627 1125 1687 1168 nec

334 1234 411 1307 post
434 1224 574 1307 gradum
601 1223 694 1286 illum
721 1222 797 1286 fecit
824 1223 969 1306 aliquem
993 1235 1104 1286 actum
1130 1225 1164 1286 in
1187 1225 1285 1289 scolis
1315 1246 1375 1308 pro
1405 1225 1510 1290 forma
1537 1247 1605 1303 sua,
1628 1226 1686 1288 sed

335 1346 456 1428 recepit
483 1345 575 1407 illum
601 1345 741 1426 gradum
767 1364 825 1425 per
849 1344 1142 1426 dispensacionem,
1173 1345 1193 1409 i.
1209 1365 1235 1408 e.
1262 1366 1322 1428 per
1351 1346 1603 1430 dissipacionem
1629 1367 1686 1409 seu

335 1467 505 1531 licenciam
535 1468 577 1528 ad
609 1465 733 1527 malum
763 1484 822 1545 per
852 1474 1004 1547 regentes
1035 1467 1068 1528 in
1099 1465 1243 1543 Oxonia‚
1272 1475 1310 1528 ut
1340 1487 1404 1550 ego
1427 1466 1576 1530 Thomas
1603 1465 1688 1530 Gas-

335 1588 452 1670 coigne
468 1587 553 1678 novi,
566 1586 699 1668 quando
715 1585 786 1666 ipse
802 1585 921 1660 Pecok,
937 1586 1086 1667 provisus
1101 1593 1181 1649 tunc
1196 1587 1228 1650 in
1244 1588 1436 1670 episcopum
1455 1586 1686 1652 Cicistrensem

335 1727 394 1789 per
418 1708 526 1770 media
545 1706 703 1769 Willelmi
726 1706 819 1770 ducis
843 1704 1082 1770 Southlolchiae
1104 1717 1139 1770 et
1160 1706 1299 1770 Walteri
1321 1708 1409 1772 Hart
1432 1708 1576 1790 episcopi
1600 1709 1687 1772 Nor·

334 1829 501 1910 wycensis,
534 1828 656 1910 incepit
694 1828 727 1889 in
758 1825 942 1908 Theologia
980 1826 1041 1889 sub
1079 1829 1225 1909 quodam
1265 1827 1426 1892 monacho
1464 1826 1688 1893 Cisterciensis

334 1949 468 2024 ordinis,
493 1950 626 2030 quando
654 1967 726 2029 eg0,
752 1948 931 2029 praedictus
955 1946 1150 2030 Gascoigne,
1174 1948 1391 2012 Eboracensis
1415 1949 1554 2013 diocesis
1579 1959 1687 2024 natus

333 2069 380 2132 sui
410 2069 621 2134 cancellarius
647 2067 799 2140 Oxoniae‚
830 2068 915 2132 circa
948 2089 1072 2131 annum
1101 2069 1237 2131 Domini
1267 2081 1357 2148 1445,
1384 2079 1417 2132 et
1447 2070 1583 2152 quando
1614 2069 1686 2132 libri

333 2192 484 2276 praedicti
518 2191 628 2255 Pecok
658 2190 788 2253 suerunt
818 2190 982 2254 combusti
1008 2190 1198 2269 Londoniis,
1225 2210 1322 2268 anno,
1347 2192 1410 2264 die,
1438 2199 1472 2254 et
1501 2189 1575 2253 loco
1604 2211 1688 2272 prae·

335 2313 440 2391 dictis,
464 2313 534 2396 ipse
561 2312 735 2394 episcopus
759 2310 868 2374 Pecok
891 2310 952 2374 luit
979 2331 1125 2392 praesens
1151 2312 1184 2374 in
1212 2311 1285 2374 loco
1309 2311 1546 2375 combustionis
1570 2331 1687 2374 eorun-

335 2435 422 2509 dem,
442 2434 561 2498 sedens
585 2433 628 2496 ad
652 2433 754 2513 pedes
776 2433 1026 2514 episcoporum3
1055 2442 1089 2495 et
1115 2433 1160 2495 sic
1184 2431 1238 2495 ille
1261 2433 1349 2495 idem
1373 2432 1545 2513 episcopus
1568 2431 1687 2506 Pecok,

335 2555 390 2636 qui
407 2565 507 2617 antea
520 2553 711 2636 praedicavit
726 2553 768 2615 ad
786 2571 916 2614 crucem
936 2550 1049 2615 Sancti
1068 2551 1160 2614 Pauli
1176 2552 1265 2633 quod
1289 2552 1443 2634 episcopi,
1459 2553 1491 2614 in
1511 2552 1573 2616 hoc
1596 2553 1686 2634 quod

335 2675 480 2757 episcopi
503 2684 589 2749 sunt,
612 2694 678 2736 non
701 2681 857 2736 tenentur
878 2672 1067 2754 praedicare,
1088 2683 1121 2735 et
1143 2672 1207 2735 hoc
1230 2673 1317 2736 idem
1339 2674 1477 2754 scripsit,
1493 2673 1574 2736 illud
1598 2673 1686 2735 idem

334 2806 450 2879 postea
478 2796 651 2872 revocavit,
670 2804 703 2857 et
727 2794 759 2856 in
784 2795 902 2856 eodem
925 2793 998 2855 loco
1022 2793 1077 2854 ubi
1102 2793 1225 2855 malum
1249 2792 1312 2856 hoc
1335 2793 1536 2876 praedicavit,
1554 2794 1687 2856 videbat

335 2918 435 2980 libros
465 2937 542 2978 suos
572 2925 651 2978 ante
681 2915 824 2995 seipsum
856 2913 1003 2976 comburi
1040 2914 1072 2975 in
1103 2915 1283 2995 praesencia
1318 2915 1548 2995 episcoporum
1584 2924 1618 2977 et
1654 2915 1686 2976 in

335 3037 514 3119 praesencia
540 3035 616 3100 cleri
643 3046 676 3099 et
703 3035 814 3115 magni
840 3033 963 3115 populi,
990 3054 1076 3096 anno
1103 3034 1237 3097 Domini
1264 3034 1343 3114 Jcsu
1368 3041 1437 3094 m¹¹¹⁰
1458 3040 1570 3098 ccccm⁰
1591 3034 1687 3116 quin·

335 3160 527 3242 quagesimo
550 3157 701 3239 septimo,
717 3155 754 3236 ij*
776 3155 942 3218 dominica
964 3155 1126 3218 adventus
1152 3154 1297 3230 Domini,
1313 3175 1388 3236 quae
1411 3153 1470 3216 luit
1493 3164 1609 3236 quarta
1633 3155 1687 3217 die

336 3279 457 3343 mensis
473 3277 684 3354 Decembris;
708 3286 742 3339 et
763 3296 862 3339 causa
881 3295 949 3337 suae
969 3273 1168 3338 confusionis
1186 3274 1248 3337 suit
1268 3274 1358 3354 quod
1378 3274 1576 3354 vituperavit
1597 3275 1687 3338 dicta

335 3410 368 3464 et
392 3401 513 3482 scripta
539 3407 728 3462 sanctorum
751 3397 924 3460 doctorum
946 3396 1115 3477 Jeronimi,
1136 3394 1315 3469 Ambrosii,
1338 3393 1526 3476 Augustini,
1547 3403 1581 3458 et
1604 3393 1686 3458 Gre-

334 3523 427 3605 gorii,
450 3531 483 3584 ct
503 3520 641 3584 aliorum
666 3529 699 3581 et
720 3538 846 3600 parum,
870 3517 923 3580 vel
947 3516 1047 3580 nichil
1070 3516 1265 3598 ponderavit
1289 3515 1331 3578 de
1355 3515 1401 3578 eis
1424 3515 1485 3577 nisi
1508 3516 1686 3596 probarent

335 3643 456 3725 scripta
483 3662 543 3705 sua
569 3640 706 3714 racione,
731 3648 768 3702 ut
794 3639 865 3720 ipse
890 3637 998 3701 Pecok
1026 3637 1113 3700 dixit
1140 3657 1229 3718 saepe
1253 3644 1286 3699 et
1313 3635 1450 3717 scripsit,
1475 3645 1509 3698 et
1531 3636 1686 3700 audiente

335 3765 471 3827 doctore
501 3761 634 3824 Thoma
664 3758 787 3822 Eboral
818 3759 904 3822 dixit
935 3753 1081 3821 ‘Vathl'
1111 3758 1154 3820 de
1189 3757 1285 3819 dictis
1320 3775 1432 3820 eorum
1462 3754 1621 3837 Jeronimi
1652 3766 1686 3820 et

335 3883 525 3967 Augustini,
543 3883 631 3946 unde
651 3881 766 3944 incidit
788 3879 821 3941 in
840 3879 968 3944 ruinam
991 3896 1157 3960 magnam.
1196 3877 1289 3940 Deus
1308 3896 1367 3958 pro
1385 3895 1444 3939 sua
1465 3876 1686 3941 misericordia

335 4024 422 4068 nunc
446 4002 609 4066 illuminet
636 4021 697 4064 nos
721 4010 754 4064 et
781 4020 856 4062 eum
882 4001 992 4082 gracia
1018 4019 1087 4063 sua.
1136 3996 1251 4060 Plures
1275 3997 1303 4059 ei
1327 3995 1533 4060 adhaerentes
1556 4006 1589 4060 et
1611 3999 1686 4062 oleo

335 4125 539 4189 adulacionis
559 4142 635 4186 eum
656 4130 818 4203 ungentes
840 4140 950 4183 coram
974 4141 1023 4194 eo,
1043 4129 1077 4182 et
1100 4119 1132 4181 in
1156 4117 1226 4199 ejus
1249 4117 1403 4180 absencia
1424 4117 1587 4181 vocabant
1609 4139 1686 4182 eum

338 4245 521 4310 maximum
537 4241 751 4307 scientificum
769 4240 893 4303 mundi.
935 4238 1079 4321 ‘Popule
1100 4236 1213 4313 meus,’
1232 4238 1337 4319 inquit
1354 4237 1447 4300 Deus
1465 4258 1524 4321 per
1539 4237 1685 4316 Ysaiam,
