4378 4936
473 418 532 480 142
844 409 943 465 LOCI
970 409 999 462 E
1028 409 1151 463 LIBRO
1188 409 1445 464 VERITATUM.

468 624 732 690 conclusionibus
749 626 824 705 suis,
841 635 874 689 et
890 626 965 688 ideo
983 625 1070 688 dixit
1086 635 1181 688 terrae
1201 635 1328 688 motum
1344 625 1413 688 fieri
1429 624 1618 704 insolitum;
1642 625 1674 688 in
1689 625 1821 708 signum

470 747 560 829 quod
582 757 667 811 terra
690 747 813 811 clamat
836 766 896 829 pro
919 767 970 822 eo,
993 755 1026 810 et
1049 755 1128 810 tunc
1151 747 1310 829 depravat
1334 747 1366 810 in
1390 745 1462 810 aliis
1485 746 1575 810 libris
1599 747 1763 824 miracula,
1788 758 1822 813 et

470 869 635 950 praecipue
659 869 692 930 in
715 867 860 950 capitulo
881 867 937 951 36ο
962 867 1010 929 sui
1032 866 1177 950 Trialogi
1202 868 1313 946 tercii3
1344 868 1611 932 canonizaciones
1633 878 1821 932 sanctorum

470 989 644 1072 vituperat,
665 997 715 1052 est
736 989 769 1051 in
790 987 935 1071 capitulo
959 987 1013 1048 16⁰
1033 988 1066 1049 in
1088 987 1244 1070 Dyalogo
1265 989 1313 1051 sui
1336 989 1469 1070 majoris
1490 989 1661 1052 mendacii.

559 1118 596 1185 [p.
612 1117 664 1186 94]
704 1109 788 1173 Haec
807 1109 964 1192 magister
978 1107 1147 1186 Albertus,
1164 1109 1311 1172 Livoniae
1332 1120 1366 1173 et
1387 1109 1528 1174 Prusciae
1549 1109 1822 1192 archiepiscopus

472 1240 506 1294 et
528 1229 720 1312 apostolicae
742 1230 830 1294 sedis
853 1229 990 1312 legatus,
1010 1230 1042 1292 in
1065 1230 1134 1294 vita
1156 1251 1258 1312 quarn
1280 1231 1409 1312 scripsit
1432 1231 1475 1294 de
1499 1229 1623 1294 Sancto
1642 1229 1823 1294 Edmundo

471 1349 718 1433 archiepiscopo
756 1351 923 1432 quondam
957 1349 1197 1414 cantuariensi.
1253 1348 1319 1432 Qui
1352 1349 1495 1415 Sanctus
1527 1349 1725 1414 Edmundus
1762 1349 1823 1415 luit

472 1472 630 1554 magister
644 1469 778 1534 Artium
797 1469 950 1548 Oxoniae,
966 1479 999 1534 et
1021 1469 1139 1534 doctor
1160 1469 1269 1535 Sacra:
1285 1469 1479 1554 Theologiae
1500 1471 1650 1546 Parisius,
1670 1479 1707 1535 ut
1728 1477 1822 1555 patet

472 1591 505 1655 in
529 1592 611 1655 libro
633 1593 710 1656 vitae
734 1591 834 1674 ipsius
858 1590 973 1656 Sancti
998 1591 1179 1656 Edmundi.

560 1721 598 1788 [p.
615 1721 668 1790 96]
714 1719 883 1776 Malorum
900 1718 1087 1776 hominum.
1133 1712 1261 1777 Notum
1283 1720 1345 1788 est,
1368 1711 1458 1793 quod
1484 1733 1588 1795 nuper
1610 1733 1694 1776 unus
1718 1731 1823 1777 sacer·

473 1835 544 1909 dos,
564 1832 724 1916 spoliatus
746 1855 766 1896 a
788 1834 918 1897 duobus
942 1833 1133 1909 latronibus,
1156 1833 1240 1917 sugit
1263 1834 1306 1898 ab
1329 1834 1375 1896 eis
1398 1834 1431 1896 in
1453 1855 1513 1898 sua
1536 1835 1655 1912 tunica,
1679 1843 1713 1898 et
1736 1835 1822 1898 dixit

472 1954 546 2017 aliis
572 1955 704 2018 nomina
730 1975 852 2033 eorum,
875 1957 931 2038 qui
954 1975 1030 2019 eum
1053 1955 1193 2037 spoliare
1219 1954 1262 2018 de
1289 1955 1441 2018 omnibus
1471 1955 1566 2019 bonis
1597 1955 1823 2019 intendebant.

474 2071 521 2138 Et
552 2076 613 2158 ipsi
642 2077 709 2140 duo
736 2076 879 2140 latrones
909 2084 1081 2146 occurrunt
1107 2076 1150 2139 ad
1178 2085 1321 2139 castrum
1348 2075 1460 2140 militis
1491 2076 1583 2159 cujus
1609 2076 1692 2140 servi
1720 2085 1822 2151 erant,

472 2196 621 2260 dicentes
653 2217 689 2260 se
719 2197 846 2278 cepisse
873 2196 964 2259 illum
994 2197 1201 2259 sacerdotem
1230 2196 1393 2260 iurantem
1423 2197 1561 2260 lerinam
1593 2197 1626 2260 in
1655 2197 1736 2260 silva
1765 2197 1825 2260 do-

474 2315 564 2395 mini,
579 2327 614 2381 et
636 2318 725 2400 quod
750 2319 829 2400 ipse,
845 2327 960 2400 captus
983 2318 1026 2381 ab
1050 2317 1105 2395 eis,
1121 2317 1206 2400 fugit
1228 2318 1272 2380 ab
1295 2339 1408 2381 eorum
1432 2320 1592 2398 manibus,
1613 2326 1647 2382 et
1669 2317 1824 2400 fugiendo

474 2435 613 2519 projecit
638 2449 765 2503 vestem
792 2459 886 2509 suam
913 2439 1124 2521 superiorem,
1152 2448 1185 2502 et
1210 2439 1298 2520 quod
1324 2440 1385 2521 ipsi
1409 2449 1606 2522 acceperunt
1629 2447 1756 2503 vestem
1778 2439 1824 2502 sic

474 2558 677 2641 projectam3
705 2571 738 2625 et
760 2561 873 2624 statim
896 2561 1032 2632 domina
1054 2560 1184 2623 illorum
1207 2560 1382 2638 latronum,
1400 2582 1485 2633 uxor
1508 2561 1631 2637 militis,
1655 2560 1743 2624 misit
1765 2581 1824 2642 pro

475 2681 594 2744 eodem
617 2682 798 2760 sacerdote,
821 2680 963 2764 spoliato
985 2691 1077 2744 vesta
1104 2701 1163 2744 sua
1189 2681 1364 2763 superiore,
1387 2691 1419 2745 et
1446 2702 1521 2744 eum
1546 2681 1766 2756 incarceravit,
1791 2689 1825 2744 et

476 2801 585 2883 ipsum
612 2801 737 2876 solvere
762 2823 783 2880 4
807 2803 906 2866 libras
930 2800 1016 2879 iecit,
1040 2802 1140 2867 etiam
1168 2803 1274 2884 ipsum
1302 2801 1412 2884 jurare
1437 2802 1513 2876 lecit
1540 2804 1629 2883 quod
1656 2821 1823 2884 nunquam

475 2922 695 3004 implacitaret
725 2922 799 2984 illos
829 2922 980 2998 latrones,
1012 2923 1054 2985 de
1084 2921 1152 3000 tali,
1179 2922 1277 3015 ‘quia
1306 2923 1339 2985 in
1370 2922 1543 3004 iniquitate
1571 2943 1630 2985 sua
1657 2923 1824 3000 morietur,

475 3043 557 3108 dicit
580 3043 680 3121 Deus,
704 3042 776 3107 etc.’

564 3172 603 3240 [p.
623 3172 688 3237 ur]
733 3169 835 3228 Mors.
882 3163 996 3230 Habet
1020 3163 1108 3227 idem
1132 3164 1248 3226 doctor
1270 3163 1422 3232 dominus
1440 3163 1687 3246 Lynconiensis,
1709 3164 1826 3227 doctor

478 3283 646 3348 Robertus
677 3283 894 3360 Grosseteste,
926 3285 1119 3370 praedictam
1150 3284 1420 3366 explanationem
1450 3285 1483 3346 in
1517 3283 1736 3366 Expositione
1766 3303 1826 3346 sua

477 3406 609 3489 propria
635 3405 757 3490 scripta
786 3427 885 3490 super
916 3405 1085 3489 Epistolas
1111 3404 1290 3478 beatissimi
1324 3404 1426 3478 Pauli,
1457 3403 1599 3485 apostoli
1629 3414 1663 3468 et
1692 3405 1826 3488 virginis

477 3535 511 3590 et
533 3526 678 3590 doctoris
705 3528 802 3605 orbis,
823 3538 857 3590 et
884 3536 935 3591 est
958 3526 1038 3590 illud
1066 3525 1224 3607 scriptum
1251 3525 1376 3589 domini
1403 3525 1630 3588 Linconiensis
1652 3525 1695 3588 de
1726 3545 1825 3588 manu

477 3667 537 3711 sua
559 3649 691 3731 propria
713 3650 797 3712 inter
819 3647 935 3711 iratres
952 3647 1104 3726 Oxoniae,
1125 3647 1157 3708 in
1180 3645 1262 3716 libro
1286 3646 1459 3729 registrato
1483 3646 1644 3730 Epistolae
1668 3645 1760 3709 Pauli
1779 3645 1823 3708 A.

479 3768 525 3832 Et
553 3771 720 3852 expositio
750 3769 875 3834 domini
906 3769 1134 3832 Linconiensis
1167 3767 1200 3830 in
1231 3766 1287 3836 illo
1318 3767 1402 3831 libro
1431 3768 1583 3831 scribitur
1616 3768 1649 3830 in
1680 3768 1827 3850 margine

477 3891 564 3954 illius
595 3891 677 3969 libri,
702 3901 736 3954 et
763 3891 808 3954 ibi
837 3891 975 3972 exponit
996 3898 1103 3953 certos
1130 3898 1243 3952 textus
1270 3889 1360 3954 beati
1385 3889 1477 3952 Pauli
1503 3888 1654 3971 apostoli,
1678 3888 1736 3952 sed
1760 3905 1826 3951 non

479 4031 603 4089 omneS,
626 4022 659 4075 et
691 4013 790 4075 etiam
817 4011 921 4094 glosae
946 4011 1128 4075 communis
1153 4031 1209 4073 seu
1238 4010 1459 4091 exposicionis
1482 4010 1675 4073 communis.
1722 4007 1826 4072 Glosa

478 4133 565 4196 enim
583 4135 609 4197 si
630 4135 758 4197 dicatur
776 4135 808 4197 in
828 4133 936 4215 vulgo.
959 4131 1085 4214 Aliquo
1104 4140 1240 4214 putatur
1262 4131 1408 4196 felicitae.
1447 4131 1572 4194 Dicunt
1596 4131 1683 4194 enim
1706 4130 1826 4194 diversi

478 4253 622 4318 haeretici
650 4255 738 4337 quod
770 4255 922 4318 doctores
949 4254 1053 4317 sancti
1083 4253 1230 4336 putative
1254 4252 1386 4336 glosant
1412 4251 1618 4334 evangelium
1646 4253 1825 4315 secundum
