4378 4936
723 419 823 475 LOCI
847 419 878 473 E
906 419 1031 475 LIBRO
1065 420 1326 477 VERITATUM.
1663 431 1704 500 97

351 633 574 715 respondebat
600 633 674 698 filiis
697 634 851 710 Zebedei,
874 634 1034 698 honorem
1060 645 1227 698 terrenum
1254 637 1452 718 petentibus,
1480 637 1609 701 Mathei
1633 645 1698 715 20⁰,

352 753 535 834 ‘Nescitis’
563 756 678 838 inquit,
705 756 802 839 ‘quid
833 756 975 840 petatis;
1008 756 1144 820 calicem
1169 757 1305 839 quidem
1329 779 1441 822 meum
1475 755 1617 835 bibetis,’
1642 759 1661 823 i.
1673 781 1701 823 e.

350 896 486 959 poenam
516 877 689 959 praevisam
716 897 777 959 per
805 897 860 940 me
889 877 1113 954 sustinebitis;
1147 877 1283 941 ‘sedere
1309 887 1422 942 autem
1452 879 1495 942 ad
1525 879 1701 943 dexteram

352 1016 461 1060 meam
475 996 528 1060 vel
542 998 586 1062 ad
602 997 768 1060 sinistram
787 1017 854 1060 non
873 1006 925 1061 est
940 1017 1052 1061 meum
1067 999 1146 1061 dare
1162 996 1274 1076 vobis‚’
1291 999 1338 1062 sic
1359 999 1527 1081 dispositis
1543 1010 1579 1064 ut
1602 1002 1703 1064 modo

350 1117 438 1194 estis,
453 1117 529 1181 ‘sed
545 1118 665 1200 quibus
684 1127 838 1200 paratum
853 1126 903 1181 est
919 1139 938 1181 a
954 1117 1052 1182 Patre
1067 1115 1162 1197 meo,’
1185 1121 1205 1183 i.
1215 1140 1243 1184 e.
1267 1119 1329 1184 illis
1345 1121 1401 1202 qui
1420 1140 1479 1202 per
1493 1120 1570 1184 vitae
1586 1121 1703 1186 merita

352 1237 432 1300 illud
456 1247 652 1317 meruerunt,
667 1249 704 1302 ut
726 1247 867 1302 testatur
887 1247 1021 1302 sanctus
1045 1238 1163 1302 doctor
1182 1239 1378 1320 Jeronimus,
1400 1241 1433 1302 in
1454 1239 1702 1305 Commentario

350 1378 411 1422 suo
436 1379 535 1442 super
556 1358 730 1422 Matheum
761 1364 815 1422 ca⁰
843 1358 999 1421 vicesimo
1025 1367 1150 1434 textus,
1178 1360 1256 1442 quia
1288 1359 1555 1425 Commentarius
1586 1360 1701 1426 Sancti

350 1478 508 1560 Jeronimi
524 1500 590 1543 non
606 1478 708 1543 habet
723 1478 866 1562 capitula
890 1478 950 1540 nisi
974 1480 1156 1543 secundum
1175 1481 1325 1544 ordinem
1341 1480 1561 1564 capitulorum
1576 1491 1702 1546 textus

351 1596 533 1675 ‘Domine’
549 1600 655 1683 inquit
672 1599 795 1677 Petrus,
805 1603 812 1630 ‘
823 1600 962 1663 ostende
977 1620 1077 1681 quem
1094 1609 1130 1663 tu
1144 1600 1273 1684 eligeris
1285 1597 1303 1679 ;’
1319 1609 1354 1664 et
1368 1599 1516 1665 Actuum
1533 1599 1593 1684 xj⁰‚
1610 1602 1703 1686 ‘Ego

351 1721 425 1802 quis
441 1741 539 1799 eram,
555 1721 610 1802 qui
630 1739 765 1803 possum
780 1719 954 1801 prohibere
969 1720 1151 1784 Dominum
1161 1719 1193 1782 ?'
1214 1722 1233 1785 i.
1244 1742 1272 1784 e.
1296 1742 1362 1785 non
1378 1742 1514 1804 possum
1530 1722 1704 1804 prohibere

352 1841 555 1915 Dominum;
585 1851 627 1920 et,
643 1841 728 1905 sicut
751 1839 894 1904 Sanctus
915 1840 1030 1903 Petrus
1054 1841 1145 1924 Papa
1168 1863 1234 1904 non
1257 1842 1365 1924 potuit
1388 1841 1563 1923 prohibere
1583 1865 1603 1906 a
1628 1844 1704 1908 Deo

351 1961 499 2040 volitum,
529 1962 575 2025 sic
606 1982 673 2024 non
706 1961 815 2044 potuit
844 1959 1042 2043 compellere
1073 1962 1184 2025 Deum
1214 1962 1257 2025 ad
1287 1962 1479 2026 volendum.
1539 1962 1703 2043 Concede,

352 2081 498 2146 Domine
519 2081 598 2163 Jesu
622 2078 712 2146 Xte!
744 2090 781 2144 ut
807 2081 962 2145 dominus
986 2081 1077 2164 Papa
1103 2103 1193 2165 saepe
1219 2083 1253 2146 in
1280 2092 1392 2146 mente
1418 2077 1579 2165 recogitet
1602 2085 1703 2148 verba

350 2203 521 2284 scripturae
542 2223 644 2266 sacrae
668 2203 814 2266 secundo
836 2202 1111 2286 Paralipomenon
1134 2210 1188 2286 19⁰
1208 2210 1280 2279 ca⁰.,
1305 2202 1444 2268 ‘Videte
1466 2205 1547 2287 quid
1567 2204 1703 2284 faciatis,

352 2345 417 2389 non
440 2324 529 2388 enim
550 2324 693 2388 hominis
716 2324 880 2388 exercetis
899 2315 1071 2406 judiciuin,
1090 2326 1149 2389 sed
1173 2325 1248 2404 Dei,
1279 2335 1313 2390 et
1335 2325 1557 2409 quodcunque
1575 2326 1702 2409 judica·

350 2446 461 2512 veritis
484 2446 518 2509 in
532 2467 592 2511 vos
611 2445 831 2524 redundabit3
854 2445 896 2509 sit
919 2445 1020 2509 timor
1034 2447 1170 2509 Domini
1186 2447 1356 2511 vobiscum
1380 2458 1414 2512 et
1437 2468 1512 2511 cum
1527 2447 1703 2531 diligencia

352 2577 472 2632 cuncta
494 2567 601 2646 facite,
616 2588 681 2631 non
705 2576 756 2631 est
778 2567 866 2630 enim
890 2568 979 2649 apud
1004 2568 1115 2631 Deum
1140 2569 1304 2650 iniquitas,
1326 2589 1387 2633 nec
1410 2589 1624 2651 personarum
1648 2591 1704 2634 ac·

351 2690 473 2773 cepcio,
486 2711 547 2755 nec
562 2691 682 2774 cupido
697 2687 890 2752 munerum.'
923 2689 1007 2753 Haec
1023 2689 1078 2752 ibi.
1104 2687 1220 2768 ‘Non‚'
1236 2690 1351 2772 inquit,
1364 2692 1544 2754 ‘exercetis
1558 2691 1703 2754 hominis

347 2812 518 2894 judicium,
533 2813 591 2875 sed
608 2808 695 2888 Dei,’
713 2811 747 2875 id
770 2821 829 2889 est,
853 2811 886 2873 id
903 2811 993 2891 quod
1011 2810 1167 2892 judicatis
1191 2831 1256 2873 non
1281 2820 1368 2874 esset
1390 2811 1571 2874 secundum
1586 2811 1702 2875 volun-

351 2945 456 2999 tatem
471 2933 651 3008 hominum,
664 2934 721 2996 sed
737 2932 918 2995 secundum
931 2927 1092 3013 judiciuin
1106 2932 1169 2996 Dei
1182 2931 1376 3015 judicatum.
1414 2931 1463 2996 Ut
1475 2933 1517 2996 sit
1533 2933 1701 2997 conforme

350 3055 512 3120 voluntati
537 3055 665 3132 divinae,
690 3053 720 3118 Ο
745 3054 893 3116 Domine
916 3051 1029 3116 Deus!
1056 3055 1200 3118 concede
1223 3063 1259 3118 ut
1281 3055 1420 3118 vicarius
1443 3064 1521 3118 tuus
1545 3054 1578 3118 in
1601 3055 1702 3132 terris,

350 3177 522 3240 Romanus
544 3175 704 3258 pontifex,
722 3176 754 3238 in
779 3176 919 3238 decretis
941 3174 1086 3248 edendis,
1103 3184 1137 3238 et
1160 3176 1192 3238 in
1214 3175 1465 3256 praesidentibus
1485 3184 1519 3239 et
1539 3175 1702 3258 episcopis

347 3297 548 3375 ordinandis,
564 3305 597 3361 et
613 3296 832 3380 providendis,
848 3305 883 3360 et
902 3294 936 3357 in
953 3295 1258 3377 dispensacionibus
1274 3305 1307 3360 et
1323 3296 1465 3360 licenciis
1480 3297 1700 3360 concedendis

348 3419 400 3482 vel
424 3419 593 3502 negandis,
609 3439 686 3482 vera
708 3428 820 3482 mente
843 3425 877 3480 et
899 3426 989 3480 recto
1010 3416 1074 3479 Dei
1096 3417 1167 3479 zelo
1189 3417 1386 3499 respondeat
1409 3415 1465 3480 illa
1479 3417 1581 3479 verba
1598 3415 1699 3498 scrip·

349 3549 432 3604 turae
456 3561 566 3618 sacrae,
590 3540 728 3603 Numeri
752 3545 817 3614 22⁰,
842 3536 896 3602 ‘Si
923 3537 1016 3602 dedit
1041 3537 1139 3602 michi
1163 3539 1264 3602 Balac
1287 3539 1424 3602 domum
1448 3559 1543 3601 suam
1567 3537 1699 3621 plenam

350 3661 420 3726 auri
447 3671 482 3726 et
510 3663 638 3745 argenti
668 3682 734 3724 non
764 3681 901 3743 possum
931 3659 1107 3748 immutare
1132 3661 1270 3723 verbum
1298 3661 1434 3724 Domini
1466 3660 1530 3723 Dei
1565 3660 1638 3734 mei,
1662 3671 1699 3725 ut

348 3783 401 3847 vel
430 3783 505 3866 plus
534 3783 587 3847 vel
618 3783 725 3845 minus
751 3777 888 3864 loquar.’
948 3781 1126 3846 Sentencia
1156 3783 1245 3845 enim
1276 3782 1376 3865 Papae
1407 3791 1493 3846 esset
1524 3780 1700 3846 conformis

347 3905 471 3987 judicio
494 3915 528 3969 et
549 3905 726 3968 sentenciae
745 3903 818 3981 Dei,
834 3913 868 3967 et
891 3903 974 3977 ideo,
992 3905 1076 3968 sicut
1100 3903 1238 3986 Moyses
1261 3903 1446 3967 recurrebat
1469 3903 1502 3966 in
1525 3902 1633 3966 dubiis
1655 3902 1698 3965 ad

348 4024 482 4088 archam
508 4024 708 4101 testamenti,
731 4033 766 4088 ut
793 4024 937 4088 divinam
962 4024 1164 4087 sentenciam
1191 4023 1225 4087 in
1251 4024 1360 4088 dubiis
1386 4023 1448 4086 sibi
1475 4022 1699 4106 interrogaret,

346 4144 394 4209 sic
424 4145 485 4210 Xti
514 4145 654 4210 vicarius
686 4145 719 4206 in
744 4145 839 4208 terris
864 4144 1034 4228 scripturae
1064 4165 1166 4208 sacrae
1194 4145 1349 4208 veritates
1380 4153 1414 4207 et
1444 4154 1632 4208 sanctorum
1663 4151 1700 4206 et

348 4285 544 4348 magnorum
575 4267 749 4331 doctorum
782 4265 1036 4350 explanacioncs
1073 4276 1106 4330 et
1137 4264 1379 4330 declaraciones
1409 4264 1547 4347 limpido
1577 4263 1698 4328 mentis

1014 4381 1037 4431 O
