4378 4936
485 386 546 450 126
861 393 959 447 LOCI
985 392 1014 444 E
1042 391 1167 444 LIBRO
1202 391 1458 446 VERITATUM.

481 607 640 670 bonomm
668 627 801 672 suorum
826 605 997 670 mobilium
1024 604 1175 668 dederint
1198 603 1357 670 militibus
1378 605 1420 667 de
1445 603 1551 668 insula
1578 603 1620 666 de
1645 603 1763 683 Rodys
1785 602 1828 665 ad
1893 660 1895 666 .

480 727 666 794 laciendum
685 727 729 791 ibi
750 747 852 792 unum
869 746 997 790 mumm
1013 725 1218 789 defensivum
1234 735 1348 790 contra
1364 725 1499 803 Turcos,
1515 725 1599 788 sicut
1616 723 1829 806 Francigenae

481 851 525 914 ibi
550 850 705 927 lecerunt,
722 859 755 914 et
775 849 877 913 eciam
894 848 1053 912 concessit
1074 847 1298 911 remissionem
1320 856 1354 912 et
1376 846 1600 928 indulgencias
1621 847 1698 911 anni
1715 846 1829 928 jubilei

479 971 645 1050 vocaliter,
664 975 699 1034 et
719 991 775 1033 ore
799 991 860 1032 suo
883 968 1020 1051 protulit
1045 969 1192 1032 contritis
1216 978 1249 1032 et
1272 968 1430 1032 confessis
1455 969 1488 1031 in
1511 968 1567 1032 illo
1589 989 1678 1032 anno
1700 969 1757 1050 qui
1780 977 1830 1032 tot

481 1092 637 1175 pecunias
657 1093 774 1156 darent
790 1090 948 1154 militibus
964 1088 1078 1153 insulae
1095 1090 1183 1154 Rodi
1205 1099 1286 1172 quot
1300 1089 1457 1171 pecunias
1475 1090 1702 1171 expenderent
1723 1091 1830 1154 eundo

483 1223 516 1278 et
554 1214 721 1277 redeundo
758 1213 802 1277 ad
834 1212 978 1276 Romam
1009 1222 1042 1276 et
1075 1233 1095 1275 a
1130 1211 1249 1288 Roma,
1282 1221 1315 1276 et
1349 1209 1474 1292 judicio
1510 1210 1653 1293 plurium
1688 1211 1830 1275 virorum

483 1355 612 1418 magnae
638 1333 815 1398 abusiones
844 1333 1067 1415 sequebantur
1094 1355 1138 1397 ex
1168 1333 1239 1396 istis
1269 1331 1493 1413 indulgenciiS,
1520 1341 1596 1395 nam
1626 1331 1726 1414 aliqui
1756 1333 1831 1396 dix-

482 1467 586 1532 erunt,
602 1454 683 1520 ‘Pro
704 1474 770 1518 uno
792 1474 907 1536 grosso
927 1453 1035 1518 habeo
1056 1452 1281 1536 indulgencias
1304 1452 1394 1527 tales,
1412 1462 1444 1518 et
1465 1452 1535 1534 jam
1557 1475 1622 1518 non
1642 1475 1720 1519 curo
1741 1456 1831 1537 quod

482 1597 555 1660 age,
571 1575 647 1657 quia
664 1576 774 1638 Roma
792 1585 842 1640 est
867 1575 910 1640 ad
930 1574 1075 1640 hostium
1096 1595 1214 1652 meum,
1238 1584 1272 1638 et
1293 1594 1352 1656 per
1370 1573 1525 1640 facillima
1545 1576 1655 1640 media
1676 1587 1710 1641 et
1732 1598 1831 1661 opera

482 1697 614 1762 habebo
637 1696 862 1778 indulgencias
884 1696 1058 1777 cujuslibet
1080 1695 1186 1778 culpae
1210 1706 1243 1760 et
1263 1695 1393 1778 poenae.’

569 1827 628 1892 [lu]
674 1817 751 1883 Scio
773 1817 925 1882 homines
950 1838 1007 1882 seu
1031 1838 1189 1899 personas
1213 1815 1369 1882 habuisse
1390 1817 1517 1882 litteras
1543 1818 1703 1902 sigillatas
1726 1819 1832 1884 indul·

482 1939 608 2021 genciae
635 1937 776 2022 Eugenii
806 1959 903 2021 papae
933 1958 992 2019 per
1019 1937 1152 2002 Petrum
1182 1939 1225 2004 de
1256 1938 1382 2015 Monte,
1408 1949 1543 2022 propter
1571 1939 1689 2004 salsam
1718 1941 1834 2023 volup·

483 2069 588 2124 tatem
614 2060 719 2125 carnis
746 2061 912 2136 usitatam,
938 2070 973 2124 et
996 2070 1133 2142 propter
1158 2059 1273 2124 ludum
1295 2061 1339 2123 ad
1370 2061 1480 2142 pilam,
1504 2061 1582 2143 quia
1612 2062 1639 2124 si
1665 2062 1833 2128 conserens

485 2181 766 2265 indulgenciamm
788 2181 914 2246 litteras
936 2181 1090 2263 perderet
1112 2181 1226 2244 ludum
1247 2180 1290 2243 ad
1312 2180 1424 2263 pilam,
1439 2190 1519 2246 tunc
1540 2183 1572 2244 in
1592 2181 1665 2246 loco
1684 2183 1833 2266 pecuniae

484 2323 585 2386 quam
615 2306 662 2369 sic
692 2303 839 2369 ludendo
868 2303 1021 2386 perdidit,
1046 2303 1139 2368 dedit
1172 2303 1262 2366 socio
1291 2322 1360 2378 su0,
1391 2322 1466 2366 cum
1497 2323 1563 2385 quo
1593 2303 1679 2382 lusit,
1709 2303 1834 2370 litteras

484 2424 644 2506 sigillatas
670 2423 951 2506 indulgenciamm
979 2443 1206 2489 concessarum
1233 2443 1253 2488 a
1280 2442 1366 2505 papa
1390 2421 1564 2506 Eugenio·;
1591 2433 1625 2488 et
1647 2424 1722 2488 novi
1744 2425 1833 2507 quod

484 2544 681 2607 circueundo
711 2565 771 2627 per
805 2546 945 2626 patriam
976 2544 1167 2607 vendebant
1197 2542 1323 2606 litteras
1357 2542 1517 2626 sigillatas
1547 2545 1589 2608 de
1620 2544 1834 2626 indulgenciis

485 2666 517 2727 in
542 2663 682 2728 calathis
708 2684 793 2746 quos
819 2684 931 2727 secum
958 2664 1135 2744 portabant
1160 2665 1203 2728 ad
1223 2665 1444 2728 vendendum.
1491 2663 1606 2728 Simon
1627 2666 1714 2728 enim
1734 2664 1835 2728 male-

485 2785 592 2848 dictus
615 2784 717 2848 suita
744 2785 818 2848 Deo
845 2793 878 2847 et
906 2795 1053 2849 mortuus
1075 2785 1185 2848 subito
1211 2785 1324 2848 statim
1347 2793 1423 2866 post
1449 2785 1549 2847 verba
1571 2786 1713 2867 apostoli
1737 2785 1833 2864 Petri,

485 2905 562 2987 quia
592 2905 715 2967 donum
743 2905 806 2968 Dei
841 2905 1043 2970 existimavit
1070 2925 1130 2987 pro
1152 2907 1291 2987 pecunia
1314 2904 1481 2987 possideri,
1505 2915 1538 2968 et
1561 2904 1683 2984 haberi,
1707 2914 1740 2968 et
1763 2916 1834 2970 tum

487 3045 552 3087 non
578 3029 684 3107 potuit
708 3027 846 3108 pecunia
865 3047 936 3089 esse
955 3026 1092 3108 dignum
1114 3027 1260 3108 precium
1283 3025 1361 3089 doni
1380 3025 1452 3102 Dei,
1468 3026 1527 3088 sed
1548 3025 1741 3090 sacrificium
1759 3027 1833 3090 Deo

486 3145 618 3228 spiritus
641 3145 888 3224 contribulatus
912 3147 970 3210 ie.
994 3146 1173 3224 dolorosas,
1197 3166 1256 3229 pro
1279 3145 1410 3208 offensis
1433 3157 1548 3210 contra
1565 3146 1675 3210 Deum
1698 3145 1801 3211 lactis.

573 3275 606 3342 [p.
628 3275 697 3344 629]
742 3274 913 3330 Infernus.
960 3267 1044 3332 Haec
1067 3268 1220 3330 dominus
1239 3264 1479 3330 Lincolniensis
1503 3287 1601 3330 manu
1624 3287 1682 3330 sua
1705 3268 1835 3349 propria

486 3407 585 3468 super
607 3396 748 3466 textum,
769 3389 859 3471 quod
879 3389 1036 3470 scriptum
1060 3405 1155 3452 suum
1178 3387 1243 3450 vidi
1267 3408 1355 3450 anno
1378 3387 1438 3451 Xti
1462 3399 1551 3466 1455,
1569 3396 1602 3450 et
1625 3389 1722 3452 credo
1745 3389 1834 3470 quod

486 3527 587 3589 opera
624 3508 748 3572 domini
791 3509 1032 3573 Lincolniensis
1068 3509 1212 3573 doctoris
1252 3509 1389 3572 Roberti
1428 3507 1609 3586 Grosetest,
1646 3529 1721 3589 quae
1758 3508 1835 3586 vidi,

487 3628 608 3710 scripta
636 3648 735 3692 manu
766 3630 897 3712 propria
920 3650 977 3694 seu
1004 3631 1135 3712 propria
1160 3631 1318 3713 scriptura
1348 3631 1449 3713 ipsius
1475 3630 1627 3707 doctoris,
1651 3629 1836 3694 extendunt

486 3769 523 3811 se
546 3748 578 3810 in
599 3747 722 3828 judicio
745 3769 821 3812 meo
847 3750 890 3813 ad
916 3751 1136 3832 quantitatem
1159 3751 1304 3815 doctoris
1328 3750 1381 3813 De
1408 3750 1499 3832 Lyra
1520 3769 1619 3832 super
1641 3749 1834 3833 scripturam

487 3889 623 3934 sacram.

575 3999 609 4066 [p.
628 3997 698 4063 ⁶40]
743 3989 820 4056 Vidi
848 4013 921 4076 ego,
942 3991 1090 4057 Thomas
1113 3991 1308 4075 Gascoigne,
1331 3992 1430 4056 miser
1459 3991 1620 4069 sacerdos,
1642 3989 1707 4054 hoc
1736 3990 1836 4072 scrip·

488 4119 559 4173 tum
582 4130 678 4174 suum
701 4132 800 4194 super
819 4111 1023 4190 Psalterium,
1039 4113 1170 4195 propria
1193 4133 1291 4176 manu
1313 4135 1371 4177 sua
1393 4113 1559 4195 scriptum,
1574 4121 1607 4175 et
1628 4120 1677 4174 est
1694 4110 1835 4176 Oxoniae

489 4233 575 4295 inter
604 4231 718 4297 fratres
753 4235 893 4298 minores
924 4244 956 4298 et
988 4235 1178 4316 registratur
1208 4233 1251 4297 ibi
1284 4233 1337 4298 ille
1373 4234 1456 4298 liber
1482 4232 1643 4316 Epistolae
1667 4231 1759 4296 Pauli
1788 4230 1835 4294 A.
