4378 4936
718 413 817 468 LOCI
842 415 872 466 E
900 413 1025 468 LIBRO
1060 413 1319 466 VERITATUM.
1642 399 1701 484 169

346 649 437 712 papa
466 630 535 694 falli
565 629 720 714 possum'
778 634 863 697 Haec
898 633 943 696 ibi
978 633 1161 698 Nicholaus
1194 653 1282 715 papa
1313 631 1494 694 Romanus.
1552 626 1702 711 Quilibet

347 752 434 814 enim
458 753 661 834 dispensam,
686 762 720 818 et
750 755 889 837 quilibet
916 755 1089 818 ecclesiam
1113 755 1283 819 conserens
1313 753 1370 816 tali
1402 752 1502 815 modo
1532 751 1701 832 dispensa·

347 881 397 936 ret
422 883 455 938 et
480 877 683 953 concederet,
708 877 798 958 quod
825 876 930 957 major
955 877 1026 939 laus
1055 877 1129 939 Deo
1153 887 1186 939 et
1213 875 1319 956 major
1344 873 1432 937 salus
1459 872 1601 955 plurium
1631 869 1702 932 ani·

347 1013 475 1057 marum
506 1016 550 1058 ex
583 1006 659 1060 actu
689 1019 750 1061 suo
780 1007 1001 1079 sequerentur.
1046 997 1127 1060 Vae!
1158 995 1228 1060 vae!
1268 997 1406 1059 miseriae
1438 995 1502 1058 mei
1532 992 1700 1075 temporis,

347 1123 429 1194 quot
461 1117 581 1180 animae
608 1118 679 1199 jam
710 1129 858 1201 pereunt,
887 1141 962 1201 quae
986 1119 1019 1181 in
1043 1119 1135 1181 coelis
1162 1138 1293 1199 semper
1316 1118 1427 1180 Deum
1452 1115 1651 1189 laudassent,
1673 1112 1701 1174 si

346 1235 472 1298 bonum
503 1237 676 1319 praelatum
705 1249 737 1304 et
770 1249 931 1303 rectorem
964 1240 1176 1314 habuissent3
1208 1239 1253 1302 sic
1286 1239 1374 1300 enim
1409 1237 1574 1299 Dominus
1603 1233 1699 1306 dixit,

347 1355 530 1421 Ezechielis
553 1358 611 1439 iij0,
637 1360 680 1423 de
704 1360 793 1423 malo
814 1360 960 1442 praelat0,
989 1360 1093 1442 ‘ipse‚'
1119 1381 1163 1423 sc.
1179 1358 1340 1436 subditus,
1364 1358 1541 1420 ‘morietur
1567 1355 1599 1417 in
1624 1373 1700 1435 pec-

346 1483 421 1538 cato
447 1496 516 1550 suo,
540 1478 618 1558 quia
642 1498 708 1540 non
731 1480 936 1542 annunciasti
960 1475 1010 1542 ei.'
1058 1477 1113 1542 Sic
1138 1478 1301 1540 Dominus
1323 1478 1411 1541 dicet
1442 1476 1530 1539 malo
1560 1484 1700 1557 patrono

347 1605 380 1658 et
401 1597 557 1678 episcopo
578 1599 633 1680 qui
656 1599 743 1662 male
764 1601 912 1664 admittit
935 1601 1079 1682 aliquem
1104 1601 1136 1662 in
1158 1599 1329 1662 ecclesiam
1353 1619 1410 1661 seu
1431 1598 1594 1661 officium:
1618 1595 1702 1658 ‘Ille

346 1717 488 1797 populus
515 1719 671 1782 morietur
693 1721 725 1782 in
752 1731 889 1802 peccato
911 1741 980 1798 suo,
996 1721 1073 1802 quia
1096 1740 1162 1783 non
1185 1719 1305 1782 dedisti
1330 1720 1358 1783 ei
1382 1720 1506 1782 bonum
1531 1727 1563 1781 et
1586 1716 1701 1780 melio·

348 1858 416 1900 rem
439 1849 608 1915 rectorem,
625 1843 734 1923 potuit
753 1843 840 1905 enim
857 1844 966 1904 vivere
985 1853 1018 1905 et
1039 1842 1166 1916 salvari,
1184 1843 1210 1904 si
1232 1851 1268 1904 tu
1287 1841 1436 1904 debitum
1455 1849 1549 1903 tuum
1569 1838 1702 1902 fecisses

347 1959 380 2020 in
404 1960 516 2024 dando
547 1962 577 2024 ei
607 1963 709 2026 talem
740 1973 910 2038 rectorem,
936 1985 1035 2046 quem
1064 1965 1183 2026 novisti
1206 1963 1259 2026 vel
1286 1962 1452 2026 credidisti
1477 1980 1583 2042 posse,
1608 1960 1700 2030 scire,

347 2091 380 2144 et
402 2082 487 2145 velle
510 2083 667 2164 perficere
692 2107 767 2167 quae
794 2086 888 2148 Deus
911 2085 1017 2166 jussit,
1041 2086 1124 2148 etsi
1151 2095 1197 2161 tu,
1220 2093 1359 2166 patrone
1388 2083 1441 2145 vel
1469 2083 1631 2163 episcope,
1654 2081 1701 2143 sic

347 2199 479 2265 fecisses
504 2201 557 2266 hic
579 2205 612 2267 in
631 2204 811 2269 collacione
832 2206 886 2269 vel
907 2205 1116 2282 admissione,
1132 2205 1231 2268 srater
1254 2226 1346 2268 meus
1363 2205 1513 2280 Xtianus,
1529 2213 1605 2266 tuus
1624 2202 1701 2265 sub·

347 2323 445 2398 ditus,
462 2324 508 2386 sic
532 2334 681 2387 mortuus
704 2345 770 2388 non
794 2325 909 2390 suisset
932 2347 992 2390 nec
1016 2328 1062 2390 ita
1085 2326 1285 2408 dampnatus
1297 2322 1315 2403 3'
1338 2327 1406 2403 sed,
1428 2321 1510 2388 heu!
1533 2323 1700 2406 quiajam

347 2443 559 2508 conseruntur
591 2446 738 2509 ecclesiae
769 2457 802 2510 et
832 2448 939 2511 officia
968 2457 1004 2510 ut
1033 2447 1183 2512 homines
1216 2449 1363 2512 ditentur
1396 2457 1429 2510 et
1460 2448 1493 2510 in
1526 2445 1701 2509 mundanis

341 2564 548 2629 vhonorentur
582 2568 695 2649 pocius
731 2589 832 2650 quam
863 2577 900 2632 ut
935 2570 1078 2633 intencio
1111 2580 1144 2634 et
1174 2571 1341 2632 ordinacio
1375 2569 1438 2631 Dei
1470 2567 1701 2650 perficiantur;

346 2707 446 2768 opera
473 2687 560 2749 enlm
588 2687 620 2748 in
647 2708 712 2750 uno
737 2687 870 2751 homine
897 2691 1076 2754 ostendunt
1099 2691 1207 2773 ipsum
1234 2711 1307 2753 esse
1333 2688 1527 2752 habiliorem
1551 2688 1594 2751 ad
1617 2707 1701 2768 opus

348 2807 412 2870 Dei
443 2807 590 2871 fiendum
621 2829 720 2890 quam
751 2809 856 2888 alius3
887 2813 962 2875 ideo
993 2815 1080 2875 enim
1112 2813 1276 2875 Dominus
1305 2811 1392 2874 dixit
1423 2811 1544 2874 Moisi:
1584 2808 1702 2888 ‘Elige

347 2949 431 3010 quos
453 2937 489 2992 tu
515 2930 609 3007 nosti,
627 2932 683 3012 qui
706 2932 826 2995 timent
846 2933 967 3010 Deum,
983 2945 1017 2998 et
1039 2936 1095 3016 qui
1118 2934 1202 2997 tales
1225 2943 1258 2997 et
1281 2933 1364 2996 tales
1387 2941 1474 3010 sunt,
1489 2951 1589 3012 opera
1612 2930 1701 2992 enim

347 3071 422 3130 quae
445 3051 590 3114 lecerunt
613 3053 839 3117 testimonium
863 3056 905 3118 de
928 3058 974 3118 eis
997 3055 1171 3138 perhibent
1193 3067 1226 3119 et
1249 3053 1447 3118 ostendunt.'

435 3181 469 3248 [n
490 3182 556 3246 Ι88]
600 3181 702 3250 Papa·
738 3175 788 3240 Ut
811 3186 903 3258 patet
926 3179 958 3240 in
982 3177 1065 3241 libro
1083 3178 1338 3241 attestationum
1362 3197 1420 3239 seu
1443 3172 1699 3256 deposicionum‚

348 3313 431 3374 quas
455 3293 642 3377 Imperator
664 3297 809 3361 Karolus
840 3299 987 3381 Quartus
1017 3310 1050 3362 et
1081 3319 1175 3381 reges
1209 3309 1242 3362 et
1271 3296 1453 3362 cardinales
1483 3304 1516 3358 et
1547 3294 1701 3356 doctores

348 3435 449 3479 sacrae
472 3418 610 3499 paginae,
634 3441 690 3484 seu
715 3419 916 3504 Theologiae,
939 3431 973 3486 et
999 3422 1066 3485 duo
1089 3421 1291 3485 confessores
1313 3420 1421 3482 beatae
1448 3415 1605 3498 Birgittae‚
1630 3431 1700 3474 ma·

347 3535 451 3617 gister
481 3537 596 3601 Petrus
628 3538 728 3604 Olani
759 3551 792 3604 et
823 3543 976 3606 dominus
1008 3511 1124 3616 Olani,¹
1148 3551 1181 3604 et
1211 3540 1266 3604 alii
1298 3539 1393 3601 multi
1423 3533 1636 3617 deponebant
1666 3539 1700 3595 et

345 3655 500 3738 jurabant
525 3658 645 3723 Romae
674 3682 784 3725 coram
809 3683 897 3746 papa
922 3663 1081 3745 Gregorio
1107 3660 1159 3743 xj⁰
1184 3671 1218 3724 et
1248 3680 1335 3743 papa
1363 3658 1500 3723 Urbano
1529 3663 1628 3718 sexto
1658 3654 1701 3717 de

348 3788 462 3842 sancta
483 3780 561 3858 vita,
587 3790 621 3844 et
645 3782 817 3861 miraculis
843 3785 970 3867 magnis
993 3794 1026 3847 et
1051 3783 1207 3866 pluribus,
1225 3783 1333 3845 beatae
1357 3779 1515 3859 Birgittae,
1540 3785 1701 3840 matronae

349 3908 383 3962 et
408 3899 517 3963 viduae
547 3902 723 3984 praedictae,
746 3913 780 3967 et
809 3904 902 3967 illurn
932 3905 1052 3968 librum
1083 3903 1338 3968 attestacionum
1364 3900 1596 3982 praedictarum
1626 3917 1699 3978 eg0,

348 4018 498 4083 Thomas
529 4021 723 4104 Gascoigne‚
754 4024 973 4090 Eboracensis
1002 4025 1142 4090 diocesis
1173 4026 1205 4087 in
1228 4021 1353 4104 Anglia
1379 4031 1485 4095 natus,
1512 4019 1572 4082 leci
1602 4017 1700 4081 scribi

350 4141 494 4205 Oxoniae
516 4143 550 4205 in
564 4144 709 4208 vitulinis
725 4145 878 4223 Oxoniae,
894 4149 1075 4212 secundum
1094 4147 1224 4230 copiam
1246 4143 1330 4206 illius
1349 4141 1421 4204 libri
1443 4138 1700 4205 attestacionum

349 4283 409 4344 pro
425 4264 675 4330 canonizacione
690 4267 799 4331 beatae
813 4269 970 4351 Birgittae,
984 4289 1084 4350 quem
1100 4267 1252 4331 dominus
1264 4264 1392 4346 Symon
1404 4261 1553 4343 Wynter,
1562 4259 1702 4328 devotus

1017 4387 1036 4433 z
