<?xml version="1.0" encoding="UTF-8"?>
<!DOCTYPE html PUBLIC "-//W3C//DTD XHTML 1.0 Transitional//EN"
    "http://www.w3.org/TR/xhtml1/DTD/xhtml1-transitional.dtd">
<html xmlns="http://www.w3.org/1999/xhtml" xml:lang="en" lang="en">
 <head>
  <title>
</title>
<meta http-equiv="Content-Type" content="text/html;charset=utf-8" />
  <meta name='ocr-system' content='tesseract 3.04.00' />
  <meta name='ocr-capabilities' content='ocr_page ocr_carea ocr_par ocr_line ocrx_word'/>
</head>
<body>
  <div class='ocr_page' id='page_1' title='image "./locielibroverit01gascgoog_0207.png"; bbox 0 0 4378 4936; ppageno 0'>
   <div class='ocr_carea' id='block_1_1' title="bbox 489 339 1465 410">
    <p class='ocr_par' dir='ltr' id='par_1_1' title="bbox 489 339 1465 410">
     <span class='ocr_line' id='line_1_1' title="bbox 489 339 1465 410; baseline 0.001 -15"><span class='ocrx_word' id='word_1_1' title='bbox 489 346 533 410; x_wconf 88' lang='lat'>94</span> <span class='ocrx_word' id='word_1_2' title='bbox 866 340 965 396; x_wconf 87' lang='lat' dir='ltr'><em>LOC!</em></span> <span class='ocrx_word' id='word_1_3' title='bbox 990 339 1020 392; x_wconf 90' lang='lat' dir='ltr'><em>E</em></span> <span class='ocrx_word' id='word_1_4' title='bbox 1048 339 1173 394; x_wconf 88' lang='lat' dir='ltr'><em>LIBRO</em></span> <span class='ocrx_word' id='word_1_5' title='bbox 1207 339 1465 396; x_wconf 84' lang='lat' dir='ltr'><em>VERITATUM.</em></span> 
     </span>
    </p>
   </div>
   <div class='ocr_carea' id='block_1_2' title="bbox 487 554 1841 1242">
    <p class='ocr_par' dir='ltr' id='par_1_2' title="bbox 487 554 1841 1242">
     <span class='ocr_line' id='line_1_2' title="bbox 488 554 1841 638; baseline 0.001 -22"><span class='ocrx_word' id='word_1_6' title='bbox 488 554 678 638; x_wconf 84' lang='lat' dir='ltr'>integritate</span> <span class='ocrx_word' id='word_1_7' title='bbox 696 555 1018 620; x_wconf 89' lang='lat' dir='ltr'>circumstanciarum</span> <span class='ocrx_word' id='word_1_8' title='bbox 1036 573 1111 638; x_wconf 83' lang='lat' dir='ltr'>quae</span> <span class='ocrx_word' id='word_1_9' title='bbox 1130 556 1337 638; x_wconf 88' lang='lat' dir='ltr'>requiruntur</span> <span class='ocrx_word' id='word_1_10' title='bbox 1354 555 1397 619; x_wconf 89' lang='lat' dir='ltr'>ad</span> <span class='ocrx_word' id='word_1_11' title='bbox 1416 555 1517 619; x_wconf 89' lang='lat' dir='ltr'>talem</span> <span class='ocrx_word' id='word_1_12' title='bbox 1538 562 1658 634; x_wconf 90' lang='lat' dir='ltr'>actum,</span> <span class='ocrx_word' id='word_1_13' title='bbox 1674 564 1711 626; x_wconf 89' lang='lat' dir='ltr'>ut</span> <span class='ocrx_word' id='word_1_14' title='bbox 1731 564 1841 618; x_wconf 74' lang='lat' dir='ltr'>osten·</span> 
     </span>
     <span class='ocr_line' id='line_1_3' title="bbox 489 675 1839 759; baseline 0 -21"><span class='ocrx_word' id='word_1_15' title='bbox 489 675 539 738; x_wconf 91' lang='lat' dir='ltr'>dit</span> <span class='ocrx_word' id='word_1_16' title='bbox 555 675 697 740; x_wconf 89' lang='lat' dir='ltr'>Sanctus</span> <span class='ocrx_word' id='word_1_17' title='bbox 713 675 861 741; x_wconf 89' lang='lat' dir='ltr'>Thomas</span> <span class='ocrx_word' id='word_1_18' title='bbox 876 676 919 740; x_wconf 90' lang='lat' dir='ltr'>de</span> <span class='ocrx_word' id='word_1_19' title='bbox 933 675 1071 759; x_wconf 84' lang='lat' dir='ltr'>Aquino</span> <span class='ocrx_word' id='word_1_20' title='bbox 1091 697 1189 759; x_wconf 91' lang='lat' dir='ltr'>super</span> <span class='ocrx_word' id='word_1_21' title='bbox 1208 677 1389 741; x_wconf 89' lang='lat' dir='ltr'>secundum</span> <span class='ocrx_word' id='word_1_22' title='bbox 1406 675 1666 754; x_wconf 89' lang='lat' dir='ltr'>Sentenciarum,</span> <span class='ocrx_word' id='word_1_23' title='bbox 1683 687 1716 740; x_wconf 88' lang='lat' dir='ltr'>et</span> <span class='ocrx_word' id='word_1_24' title='bbox 1734 676 1839 740; x_wconf 88' lang='lat' dir='ltr'>eciam</span> 
     </span>
     <span class='ocr_line' id='line_1_4' title="bbox 488 794 1840 880; baseline 0 -22"><span class='ocrx_word' id='word_1_25' title='bbox 488 795 606 860; x_wconf 91' lang='lat' dir='ltr'>doctor</span> <span class='ocrx_word' id='word_1_26' title='bbox 620 796 750 860; x_wconf 92' lang='lat' dir='ltr'>subtilis</span> <span class='ocrx_word' id='word_1_27' title='bbox 765 797 922 880; x_wconf 87' lang='lat' dir='ltr'>magister</span> <span class='ocrx_word' id='word_1_28' title='bbox 936 795 1106 878; x_wconf 90' lang='lat' dir='ltr'>Johannes</span> <span class='ocrx_word' id='word_1_29' title='bbox 1121 796 1227 860; x_wconf 91' lang='lat' dir='ltr'>Duns.</span> <span class='ocrx_word' id='word_1_30' title='bbox 1272 796 1380 861; x_wconf 90' lang='lat' dir='ltr'>Actus</span> <span class='ocrx_word' id='word_1_31' title='bbox 1396 796 1483 860; x_wconf 88' lang='lat' dir='ltr'>enim</span> <span class='ocrx_word' id='word_1_32' title='bbox 1498 797 1617 861; x_wconf 91' lang='lat' dir='ltr'>dicitur</span> <span class='ocrx_word' id='word_1_33' title='bbox 1634 797 1667 859; x_wconf 93' lang='lat' dir='ltr'>in</span> <span class='ocrx_word' id='word_1_34' title='bbox 1682 816 1719 860; x_wconf 90' lang='lat' dir='ltr'>se</span> <span class='ocrx_word' id='word_1_35' title='bbox 1735 794 1840 860; x_wconf 88' lang='lat' dir='ltr'>malus</span> 
     </span>
     <span class='ocr_line' id='line_1_5' title="bbox 488 913 1839 998; baseline 0.002 -21"><span class='ocrx_word' id='word_1_36' title='bbox 488 917 622 998; x_wconf 90' lang='lat' dir='ltr'>quando</span> <span class='ocrx_word' id='word_1_37' title='bbox 649 916 757 980; x_wconf 90' lang='lat' dir='ltr'>tendit</span> <span class='ocrx_word' id='word_1_38' title='bbox 783 917 817 980; x_wconf 91' lang='lat' dir='ltr'>iu</span> <span class='ocrx_word' id='word_1_39' title='bbox 847 915 1016 998; x_wconf 86' lang='lat' dir='ltr'>objectum</span> <span class='ocrx_word' id='word_1_40' title='bbox 1042 936 1109 980; x_wconf 90' lang='lat' dir='ltr'>non</span> <span class='ocrx_word' id='word_1_41' title='bbox 1136 937 1241 992; x_wconf 90' lang='lat' dir='ltr'>suum,</span> <span class='ocrx_word' id='word_1_42' title='bbox 1273 936 1333 980; x_wconf 92' lang='lat' dir='ltr'>nec</span> <span class='ocrx_word' id='word_1_43' title='bbox 1363 915 1426 980; x_wconf 87' lang='lat' dir='ltr'>sibi</span> <span class='ocrx_word' id='word_1_44' title='bbox 1451 916 1657 994; x_wconf 90' lang='lat' dir='ltr'>conveniens,</span> <span class='ocrx_word' id='word_1_45' title='bbox 1682 913 1736 980; x_wconf 92' lang='lat' dir='ltr'>vel</span> <span class='ocrx_word' id='word_1_46' title='bbox 1762 916 1839 998; x_wconf 89' lang='lat' dir='ltr'>quia</span> 
     </span>
     <span class='ocr_line' id='line_1_6' title="bbox 488 1035 1840 1117; baseline 0.001 -18"><span class='ocrx_word' id='word_1_47' title='bbox 488 1036 596 1100; x_wconf 90' lang='lat' dir='ltr'>tendit</span> <span class='ocrx_word' id='word_1_48' title='bbox 623 1036 656 1098; x_wconf 90' lang='lat' dir='ltr'>in</span> <span class='ocrx_word' id='word_1_49' title='bbox 683 1035 850 1117; x_wconf 87' lang='lat' dir='ltr'>objectum</span> <span class='ocrx_word' id='word_1_50' title='bbox 881 1037 1079 1100; x_wconf 89' lang='lat' dir='ltr'>conveniens</span> <span class='ocrx_word' id='word_1_51' title='bbox 1107 1037 1206 1116; x_wconf 90' lang='lat' dir='ltr'>actui,</span> <span class='ocrx_word' id='word_1_52' title='bbox 1231 1037 1290 1102; x_wconf 90' lang='lat' dir='ltr'>sed</span> <span class='ocrx_word' id='word_1_53' title='bbox 1321 1045 1409 1100; x_wconf 87' lang='lat' dir='ltr'>caret</span> <span class='ocrx_word' id='word_1_54' title='bbox 1435 1035 1692 1100; x_wconf 90' lang='lat' dir='ltr'>circumstanciis</span> <span class='ocrx_word' id='word_1_55' title='bbox 1717 1036 1840 1100; x_wconf 89' lang='lat' dir='ltr'>debitis</span> 
     </span>
     <span class='ocr_line' id='line_1_7' title="bbox 487 1155 1838 1242; baseline 0 -22"><span class='ocrx_word' id='word_1_56' title='bbox 487 1157 584 1232; x_wconf 88' lang='lat' dir='ltr'>actui,</span> <span class='ocrx_word' id='word_1_57' title='bbox 609 1177 654 1221; x_wconf 91' lang='lat' dir='ltr'>sc.</span> <span class='ocrx_word' id='word_1_58' title='bbox 680 1157 751 1236; x_wconf 84' lang='lat' dir='ltr'>loci,</span> <span class='ocrx_word' id='word_1_59' title='bbox 774 1156 827 1220; x_wconf 92' lang='lat' dir='ltr'>vel</span> <span class='ocrx_word' id='word_1_60' title='bbox 854 1157 1022 1240; x_wconf 90' lang='lat' dir='ltr'>temporis,</span> <span class='ocrx_word' id='word_1_61' title='bbox 1045 1156 1097 1222; x_wconf 92' lang='lat' dir='ltr'>vel</span> <span class='ocrx_word' id='word_1_62' title='bbox 1124 1177 1283 1242; x_wconf 83' lang='lat' dir='ltr'>personae‚</span> <span class='ocrx_word' id='word_1_63' title='bbox 1308 1157 1385 1239; x_wconf 90' lang='lat' dir='ltr'>quia</span> <span class='ocrx_word' id='word_1_64' title='bbox 1411 1177 1476 1220; x_wconf 94' lang='lat' dir='ltr'>non</span> <span class='ocrx_word' id='word_1_65' title='bbox 1504 1156 1656 1221; x_wconf 90' lang='lat' dir='ltr'>convenit</span> <span class='ocrx_word' id='word_1_66' title='bbox 1681 1155 1741 1220; x_wconf 88' lang='lat' dir='ltr'>tali</span> <span class='ocrx_word' id='word_1_67' title='bbox 1767 1177 1838 1239; x_wconf 91' lang='lat' dir='ltr'>per·</span> 
     </span>
    </p>
   </div>
   <div class='ocr_carea' id='block_1_3' title="bbox 487 1263 1838 1361">
    <p class='ocr_par' dir='ltr' id='par_1_3' title="bbox 487 1263 1838 1361">
     <span class='ocr_line' id='line_1_8' title="bbox 487 1263 1838 1361; baseline 0 -20"><span class='ocrx_word' id='word_1_68' title='bbox 487 1297 578 1342; x_wconf 81' lang='lat' dir='ltr'>sonae</span> <span class='ocrx_word' id='word_1_69' title='bbox 600 1277 653 1341; x_wconf 93' lang='lat' dir='ltr'>vel</span> <span class='ocrx_word' id='word_1_70' title='bbox 679 1277 752 1341; x_wconf 85' lang='lat' dir='ltr'>aliis</span> <span class='ocrx_word' id='word_1_71' title='bbox 777 1278 1043 1342; x_wconf 88' lang='lat' dir='ltr'>circumstanciis.</span> <span class='ocrx_word' id='word_1_72' title='bbox 1091 1278 1294 1361; x_wconf 86' lang='lat' dir='ltr'>Dispensans</span> <span class='ocrx_word' id='word_1_73' title='bbox 1321 1279 1420 1354; x_wconf 88' lang='lat' dir='ltr'>enim,</span> <span class='ocrx_word' id='word_1_74' title='bbox 1442 1276 1494 1340; x_wconf 91' lang='lat' dir='ltr'>vel</span> <span class='ocrx_word' id='word_1_75' title='bbox 1520 1263 1696 1341; x_wconf 84' lang='lat' dir='ltr'>licencians</span> <span class='ocrx_word' id='word_1_76' title='bbox 1713 1275 1838 1359; x_wconf 92' lang='lat' dir='ltr'>aliquid</span> 
     </span>
    </p>
   </div>
   <div class='ocr_carea' id='block_1_4' title="bbox 483 1396 1839 2568">
    <p class='ocr_par' dir='ltr' id='par_1_4' title="bbox 483 1396 1839 2568">
     <span class='ocr_line' id='line_1_9' title="bbox 487 1396 1839 1482; baseline 0.001 -22"><span class='ocrx_word' id='word_1_77' title='bbox 487 1396 566 1473; x_wconf 88' lang='lat' dir='ltr'>fieri,</span> <span class='ocrx_word' id='word_1_78' title='bbox 585 1397 638 1462; x_wconf 91' lang='lat' dir='ltr'>vel</span> <span class='ocrx_word' id='word_1_79' title='bbox 656 1419 723 1462; x_wconf 90' lang='lat' dir='ltr'>non</span> <span class='ocrx_word' id='word_1_80' title='bbox 743 1397 822 1474; x_wconf 89' lang='lat' dir='ltr'>fieri,</span> <span class='ocrx_word' id='word_1_81' title='bbox 843 1408 878 1464; x_wconf 89' lang='lat' dir='ltr'>et</span> <span class='ocrx_word' id='word_1_82' title='bbox 900 1399 1055 1464; x_wconf 90' lang='lat' dir='ltr'>ordinans</span> <span class='ocrx_word' id='word_1_83' title='bbox 1076 1399 1192 1482; x_wconf 86' lang='lat' dir='ltr'>legem,</span> <span class='ocrx_word' id='word_1_84' title='bbox 1210 1398 1263 1462; x_wconf 92' lang='lat' dir='ltr'>vel</span> <span class='ocrx_word' id='word_1_85' title='bbox 1286 1399 1491 1463; x_wconf 87' lang='lat' dir='ltr'>sentencians</span> <span class='ocrx_word' id='word_1_86' title='bbox 1510 1397 1644 1480; x_wconf 91' lang='lat' dir='ltr'>aliquid,</span> <span class='ocrx_word' id='word_1_87' title='bbox 1663 1397 1839 1462; x_wconf 91' lang='lat' dir='ltr'>attendent</span> 
     </span>
     <span class='ocr_line' id='line_1_10' title="bbox 487 1517 1838 1600; baseline -0.001 -19"><span class='ocrx_word' id='word_1_88' title='bbox 487 1518 530 1581; x_wconf 91' lang='lat' dir='ltr'>ad</span> <span class='ocrx_word' id='word_1_89' title='bbox 556 1517 657 1582; x_wconf 90' lang='lat' dir='ltr'>verba</span> <span class='ocrx_word' id='word_1_90' title='bbox 680 1518 825 1595; x_wconf 88' lang='lat' dir='ltr'>Domini,</span> <span class='ocrx_word' id='word_1_91' title='bbox 849 1520 1100 1584; x_wconf 90' lang='lat' dir='ltr'>Deuteronomii</span> <span class='ocrx_word' id='word_1_92' title='bbox 1127 1517 1180 1581; x_wconf 92' lang='lat'>18⁰</span> <span class='ocrx_word' id='word_1_93' title='bbox 1203 1526 1273 1594; x_wconf 88' lang='lat' dir='ltr'>ca⁰.,</span> <span class='ocrx_word' id='word_1_94' title='bbox 1297 1519 1515 1600; x_wconf 87' lang='lat' dir='ltr'>‘Judicabunt</span> <span class='ocrx_word' id='word_1_95' title='bbox 1537 1518 1597 1582; x_wconf 91' lang='lat' dir='ltr'>tibi</span> <span class='ocrx_word' id='word_1_96' title='bbox 1620 1517 1734 1600; x_wconf 91' lang='lat' dir='ltr'>judicii</span> <span class='ocrx_word' id='word_1_97' title='bbox 1754 1518 1838 1582; x_wconf 88' lang='lat' dir='ltr'>veri·</span> 
     </span>
     <span class='ocr_line' id='line_1_11' title="bbox 486 1638 1838 1724; baseline 0.002 -23"><span class='ocrx_word' id='word_1_98' title='bbox 486 1647 591 1702; x_wconf 86' lang='lat' dir='ltr'>tatem</span> <span class='ocrx_word' id='word_1_99' title='bbox 614 1647 648 1702; x_wconf 92' lang='lat' dir='ltr'>et</span> <span class='ocrx_word' id='word_1_100' title='bbox 670 1638 769 1703; x_wconf 83' lang='lat' dir='ltr'>iacies</span> <span class='ocrx_word' id='word_1_101' title='bbox 791 1640 1011 1724; x_wconf 90' lang='lat' dir='ltr'>quodcunque</span> <span class='ocrx_word' id='word_1_102' title='bbox 1031 1640 1176 1704; x_wconf 89' lang='lat' dir='ltr'>dixerint</span> <span class='ocrx_word' id='word_1_103' title='bbox 1197 1639 1253 1722; x_wconf 93' lang='lat' dir='ltr'>qui</span> <span class='ocrx_word' id='word_1_104' title='bbox 1276 1650 1421 1722; x_wconf 85' lang='lat' dir='ltr'>praesunt</span> <span class='ocrx_word' id='word_1_105' title='bbox 1441 1639 1523 1716; x_wconf 92' lang='lat' dir='ltr'>loco,</span> <span class='ocrx_word' id='word_1_106' title='bbox 1544 1648 1578 1703; x_wconf 90' lang='lat' dir='ltr'>et</span> <span class='ocrx_word' id='word_1_107' title='bbox 1598 1639 1781 1702; x_wconf 89' lang='lat' dir='ltr'>docuerunt</span> <span class='ocrx_word' id='word_1_108' title='bbox 1803 1648 1838 1704; x_wconf 90' lang='lat' dir='ltr'>te</span> 
     </span>
     <span class='ocr_line' id='line_1_12' title="bbox 483 1756 1837 1842; baseline 0.004 -21"><span class='ocrx_word' id='word_1_109' title='bbox 483 1757 582 1840; x_wconf 87' lang='lat' dir='ltr'>juxta</span> <span class='ocrx_word' id='word_1_110' title='bbox 604 1757 695 1842; x_wconf 85' lang='lat' dir='ltr'>leges</span> <span class='ocrx_word' id='word_1_111' title='bbox 718 1759 791 1837; x_wconf 89' lang='lat' dir='ltr'>Dei,</span> <span class='ocrx_word' id='word_1_112' title='bbox 813 1769 847 1822; x_wconf 90' lang='lat' dir='ltr'>et</span> <span class='ocrx_word' id='word_1_113' title='bbox 870 1760 926 1842; x_wconf 92' lang='lat' dir='ltr'>qui</span> <span class='ocrx_word' id='word_1_114' title='bbox 949 1781 1015 1824; x_wconf 95' lang='lat' dir='ltr'>non</span> <span class='ocrx_word' id='word_1_115' title='bbox 1038 1760 1222 1825; x_wconf 87' lang='lat' dir='ltr'>obediverit</span> <span class='ocrx_word' id='word_1_116' title='bbox 1243 1760 1423 1824; x_wconf 89' lang='lat' dir='ltr'>sacerdotis</span> <span class='ocrx_word' id='word_1_117' title='bbox 1446 1759 1583 1841; x_wconf 88' lang='lat' dir='ltr'>imperio</span> <span class='ocrx_word' id='word_1_118' title='bbox 1606 1756 1780 1836; x_wconf 89' lang='lat' dir='ltr'>morietur,’</span> <span class='ocrx_word' id='word_1_119' title='bbox 1800 1769 1837 1826; x_wconf 92' lang='lat' dir='ltr'>ut</span> 
     </span>
     <span class='ocr_line' id='line_1_13' title="bbox 486 1855 1837 1963; baseline 0.003 -23"><span class='ocrx_word' id='word_1_120' title='bbox 486 1878 610 1942; x_wconf 89' lang='lat' dir='ltr'>ibidem</span> <span class='ocrx_word' id='word_1_121' title='bbox 636 1879 785 1961; x_wconf 84' lang='lat' dir='ltr'>praecipit</span> <span class='ocrx_word' id='word_1_122' title='bbox 812 1879 987 1944; x_wconf 88' lang='lat' dir='ltr'>Dominus.</span> <span class='ocrx_word' id='word_1_123' title='bbox 1041 1879 1258 1963; x_wconf 89' lang='lat' dir='ltr'>Dispensacio</span> <span class='ocrx_word' id='word_1_124' title='bbox 1280 1881 1368 1943; x_wconf 91' lang='lat' dir='ltr'>enim</span> <span class='ocrx_word' id='word_1_125' title='bbox 1390 1877 1443 1943; x_wconf 89' lang='lat' dir='ltr'>vel</span> <span class='ocrx_word' id='word_1_126' title='bbox 1470 1855 1657 1943; x_wconf 84' lang='lat' dir='ltr'>licenciacio</span> <span class='ocrx_word' id='word_1_127' title='bbox 1679 1878 1780 1961; x_wconf 83' lang='lat' dir='ltr'>Papae</span> <span class='ocrx_word' id='word_1_128' title='bbox 1802 1883 1837 1944; x_wconf 75' lang='lat' dir='ltr'>et</span> 
     </span>
     <span class='ocr_line' id='line_1_14' title="bbox 485 1999 1835 2084; baseline 0.001 -21"><span class='ocrx_word' id='word_1_129' title='bbox 485 1999 620 2064; x_wconf 90' lang='lat' dir='ltr'>alterius</span> <span class='ocrx_word' id='word_1_130' title='bbox 638 2008 839 2082; x_wconf 88' lang='lat' dir='ltr'>potestatem</span> <span class='ocrx_word' id='word_1_131' title='bbox 858 2001 1070 2084; x_wconf 90' lang='lat' dir='ltr'>dispensandi</span> <span class='ocrx_word' id='word_1_132' title='bbox 1090 2001 1242 2066; x_wconf 92' lang='lat' dir='ltr'>habentis</span> <span class='ocrx_word' id='word_1_133' title='bbox 1263 2001 1352 2066; x_wconf 92' lang='lat' dir='ltr'>tollit</span> <span class='ocrx_word' id='word_1_134' title='bbox 1374 2001 1633 2084; x_wconf 89' lang='lat' dir='ltr'>prohibicionem</span> <span class='ocrx_word' id='word_1_135' title='bbox 1656 1999 1835 2066; x_wconf 84' lang='lat' dir='ltr'>humanam</span> 
     </span>
     <span class='ocr_line' id='line_1_15' title="bbox 485 2119 1835 2202; baseline 0.003 -21"><span class='ocrx_word' id='word_1_136' title='bbox 485 2120 518 2182; x_wconf 96' lang='lat' dir='ltr'>in</span> <span class='ocrx_word' id='word_1_137' title='bbox 534 2119 608 2202; x_wconf 87' lang='lat' dir='ltr'>lege</span> <span class='ocrx_word' id='word_1_138' title='bbox 622 2122 745 2202; x_wconf 89' lang='lat' dir='ltr'>scripta</span> <span class='ocrx_word' id='word_1_139' title='bbox 762 2121 922 2202; x_wconf 81' lang='lat' dir='ltr'>positiva3</span> <span class='ocrx_word' id='word_1_140' title='bbox 946 2132 982 2186; x_wconf 91' lang='lat' dir='ltr'>ut</span> <span class='ocrx_word' id='word_1_141' title='bbox 998 2131 1091 2185; x_wconf 89' lang='lat' dir='ltr'>actus</span> <span class='ocrx_word' id='word_1_142' title='bbox 1108 2123 1140 2185; x_wconf 94' lang='lat' dir='ltr'>in</span> <span class='ocrx_word' id='word_1_143' title='bbox 1159 2143 1195 2186; x_wconf 90' lang='lat' dir='ltr'>se</span> <span class='ocrx_word' id='word_1_144' title='bbox 1213 2122 1401 2186; x_wconf 81' lang='lat' dir='ltr'>indifferens</span> <span class='ocrx_word' id='word_1_145' title='bbox 1420 2143 1486 2186; x_wconf 93' lang='lat' dir='ltr'>non</span> <span class='ocrx_word' id='word_1_146' title='bbox 1501 2122 1543 2186; x_wconf 93' lang='lat' dir='ltr'>sit</span> <span class='ocrx_word' id='word_1_147' title='bbox 1559 2123 1592 2186; x_wconf 90' lang='lat' dir='ltr'>in</span> <span class='ocrx_word' id='word_1_148' title='bbox 1613 2123 1710 2188; x_wconf 88' lang='lat' dir='ltr'>certis</span> <span class='ocrx_word' id='word_1_149' title='bbox 1730 2123 1835 2188; x_wconf 85' lang='lat' dir='ltr'>causis</span> 
     </span>
     <span class='ocr_line' id='line_1_16' title="bbox 485 2239 1835 2324; baseline 0.004 -22"><span class='ocrx_word' id='word_1_150' title='bbox 485 2239 737 2304; x_wconf 87' lang='lat' dir='ltr'>racionabilibus</span> <span class='ocrx_word' id='word_1_151' title='bbox 751 2242 830 2305; x_wconf 94' lang='lat' dir='ltr'>dato</span> <span class='ocrx_word' id='word_1_152' title='bbox 845 2240 970 2305; x_wconf 91' lang='lat' dir='ltr'>homini</span> <span class='ocrx_word' id='word_1_153' title='bbox 987 2241 1180 2324; x_wconf 71' lang='lat' dir='ltr'>prohibitus</span> <span class='ocrx_word' id='word_1_154' title='bbox 1194 2264 1235 2306; x_wconf 92' lang='lat' dir='ltr'>eo</span> <span class='ocrx_word' id='word_1_155' title='bbox 1250 2243 1339 2324; x_wconf 91' lang='lat' dir='ltr'>quod</span> <span class='ocrx_word' id='word_1_156' title='bbox 1357 2241 1530 2307; x_wconf 83' lang='lat' dir='ltr'>manifesta</span> <span class='ocrx_word' id='word_1_157' title='bbox 1546 2243 1641 2318; x_wconf 92' lang='lat' dir='ltr'>racio,</span> <span class='ocrx_word' id='word_1_158' title='bbox 1654 2264 1712 2308; x_wconf 89' lang='lat' dir='ltr'>seu</span> <span class='ocrx_word' id='word_1_159' title='bbox 1729 2263 1835 2308; x_wconf 86' lang='lat' dir='ltr'>rerum</span> 
     </span>
     <span class='ocr_line' id='line_1_17' title="bbox 486 2360 1835 2437; baseline 0.002 -13"><span class='ocrx_word' id='word_1_160' title='bbox 486 2360 664 2437; x_wconf 88' lang='lat' dir='ltr'>evidencia,</span> <span class='ocrx_word' id='word_1_161' title='bbox 679 2361 884 2425; x_wconf 90' lang='lat' dir='ltr'>demonstrat</span> <span class='ocrx_word' id='word_1_162' title='bbox 902 2361 1071 2425; x_wconf 92' lang='lat' dir='ltr'>hominem</span> <span class='ocrx_word' id='word_1_163' title='bbox 1093 2363 1126 2425; x_wconf 92' lang='lat' dir='ltr'>in</span> <span class='ocrx_word' id='word_1_164' title='bbox 1150 2364 1246 2426; x_wconf 91' lang='lat' dir='ltr'>certis</span> <span class='ocrx_word' id='word_1_165' title='bbox 1267 2363 1397 2426; x_wconf 87' lang='lat' dir='ltr'>casibus</span> <span class='ocrx_word' id='word_1_166' title='bbox 1418 2383 1484 2426; x_wconf 93' lang='lat' dir='ltr'>non</span> <span class='ocrx_word' id='word_1_167' title='bbox 1504 2384 1575 2427; x_wconf 89' lang='lat' dir='ltr'>esse</span> <span class='ocrx_word' id='word_1_168' title='bbox 1596 2364 1742 2428; x_wconf 91' lang='lat' dir='ltr'>debitam</span> <span class='ocrx_word' id='word_1_169' title='bbox 1765 2383 1835 2427; x_wconf 89' lang='lat' dir='ltr'>ma·</span> 
     </span>
     <span class='ocr_line' id='line_1_18' title="bbox 485 2480 1834 2568; baseline 0.004 -24"><span class='ocrx_word' id='word_1_170' title='bbox 485 2481 601 2544; x_wconf 91' lang='lat' dir='ltr'>teriam</span> <span class='ocrx_word' id='word_1_171' title='bbox 635 2481 729 2544; x_wconf 93' lang='lat' dir='ltr'>istius</span> <span class='ocrx_word' id='word_1_172' title='bbox 761 2480 851 2564; x_wconf 84' lang='lat' dir='ltr'>legis,</span> <span class='ocrx_word' id='word_1_173' title='bbox 881 2491 918 2545; x_wconf 92' lang='lat' dir='ltr'>ut</span> <span class='ocrx_word' id='word_1_174' title='bbox 947 2483 990 2546; x_wconf 93' lang='lat' dir='ltr'>ad</span> <span class='ocrx_word' id='word_1_175' title='bbox 1024 2482 1094 2564; x_wconf 89' lang='lat' dir='ltr'>ejus</span> <span class='ocrx_word' id='word_1_176' title='bbox 1124 2484 1371 2547; x_wconf 88' lang='lat' dir='ltr'>observanciam</span> <span class='ocrx_word' id='word_1_177' title='bbox 1402 2486 1434 2547; x_wconf 90' lang='lat' dir='ltr'>in</span> <span class='ocrx_word' id='word_1_178' title='bbox 1464 2483 1522 2548; x_wconf 89' lang='lat' dir='ltr'>tali</span> <span class='ocrx_word' id='word_1_179' title='bbox 1553 2505 1631 2548; x_wconf 88' lang='lat' dir='ltr'>casu</span> <span class='ocrx_word' id='word_1_180' title='bbox 1661 2485 1834 2568; x_wconf 85' lang='lat' dir='ltr'>obligetur.</span> 
     </span>
    </p>
   </div>
   <div class='ocr_carea' id='block_1_5' title="bbox 486 2601 1945 2683">
    <p class='ocr_par' dir='ltr' id='par_1_5' title="bbox 486 2601 1945 2683">
     <span class='ocr_line' id='line_1_19' title="bbox 486 2601 1945 2683; baseline 0.001 -19"><span class='ocrx_word' id='word_1_181' title='bbox 486 2601 690 2683; x_wconf 88' lang='lat' dir='ltr'>Exemplum</span> <span class='ocrx_word' id='word_1_182' title='bbox 708 2602 760 2665; x_wconf 91' lang='lat' dir='ltr'>hic</span> <span class='ocrx_word' id='word_1_183' title='bbox 780 2602 879 2664; x_wconf 89' lang='lat' dir='ltr'>estin</span> <span class='ocrx_word' id='word_1_184' title='bbox 895 2622 983 2666; x_wconf 87' lang='lat' dir='ltr'>casu.</span> <span class='ocrx_word' id='word_1_185' title='bbox 1029 2603 1126 2666; x_wconf 90' lang='lat' dir='ltr'>Unus</span> <span class='ocrx_word' id='word_1_186' title='bbox 1141 2603 1241 2667; x_wconf 94' lang='lat' dir='ltr'>homo</span> <span class='ocrx_word' id='word_1_187' title='bbox 1259 2604 1467 2681; x_wconf 89' lang='lat' dir='ltr'>scientificus,</span> <span class='ocrx_word' id='word_1_188' title='bbox 1483 2604 1647 2668; x_wconf 90' lang='lat' dir='ltr'>excellens</span> <span class='ocrx_word' id='word_1_189' title='bbox 1663 2605 1695 2667; x_wconf 93' lang='lat' dir='ltr'>in</span> <span class='ocrx_word' id='word_1_190' title='bbox 1714 2605 1834 2669; x_wconf 91' lang='lat' dir='ltr'>sancti·</span> <span class='ocrx_word' id='word_1_191' title='bbox 1938 2668 1945 2680; x_wconf 69' lang='grc'><em>,</em></span> 
     </span>
    </p>
   </div>
   <div class='ocr_carea' id='block_1_6' title="bbox 479 2723 1900 4260">
    <p class='ocr_par' dir='ltr' id='par_1_6' title="bbox 479 2723 1900 4260">
     <span class='ocr_line' id='line_1_20' title="bbox 484 2723 1833 2807; baseline 0.004 -23"><span class='ocrx_word' id='word_1_192' title='bbox 484 2731 555 2785; x_wconf 88' lang='lat' dir='ltr'>tate</span> <span class='ocrx_word' id='word_1_193' title='bbox 584 2723 670 2801; x_wconf 85' lang='lat' dir='ltr'>vitae,</span> <span class='ocrx_word' id='word_1_194' title='bbox 700 2732 879 2807; x_wconf 88' lang='lat' dir='ltr'>occupatus</span> <span class='ocrx_word' id='word_1_195' title='bbox 909 2724 942 2786; x_wconf 91' lang='lat' dir='ltr'>in</span> <span class='ocrx_word' id='word_1_196' title='bbox 972 2745 1049 2788; x_wconf 89' lang='lat' dir='ltr'>cura</span> <span class='ocrx_word' id='word_1_197' title='bbox 1080 2745 1201 2807; x_wconf 87' lang='lat' dir='ltr'>magna</span> <span class='ocrx_word' id='word_1_198' title='bbox 1229 2727 1423 2802; x_wconf 90' lang='lat' dir='ltr'>animarum,</span> <span class='ocrx_word' id='word_1_199' title='bbox 1452 2726 1485 2788; x_wconf 93' lang='lat' dir='ltr'>in</span> <span class='ocrx_word' id='word_1_200' title='bbox 1515 2725 1621 2789; x_wconf 91' lang='lat' dir='ltr'>salute</span> <span class='ocrx_word' id='word_1_201' title='bbox 1650 2727 1833 2790; x_wconf 89' lang='lat' dir='ltr'>animarum</span> 
     </span>
     <span class='ocr_line' id='line_1_21' title="bbox 484 2843 1834 2929; baseline 0.004 -23"><span class='ocrx_word' id='word_1_202' title='bbox 484 2855 699 2923; x_wconf 90' lang='lat' dir='ltr'>consumptus</span> <span class='ocrx_word' id='word_1_203' title='bbox 722 2843 839 2924; x_wconf 91' lang='lat' dir='ltr'>ethica,</span> <span class='ocrx_word' id='word_1_204' title='bbox 861 2845 917 2910; x_wconf 86' lang='lat' dir='ltr'>ie.</span> <span class='ocrx_word' id='word_1_205' title='bbox 938 2847 1195 2929; x_wconf 90' lang='lat' dir='ltr'>consumpcione</span> <span class='ocrx_word' id='word_1_206' title='bbox 1217 2847 1342 2911; x_wconf 90' lang='lat' dir='ltr'>decidit</span> <span class='ocrx_word' id='word_1_207' title='bbox 1363 2847 1397 2909; x_wconf 91' lang='lat' dir='ltr'>in</span> <span class='ocrx_word' id='word_1_208' title='bbox 1417 2845 1549 2924; x_wconf 91' lang='lat' dir='ltr'>lectum,</span> <span class='ocrx_word' id='word_1_209' title='bbox 1567 2847 1657 2910; x_wconf 91' lang='lat' dir='ltr'>vovit</span> <span class='ocrx_word' id='word_1_210' title='bbox 1679 2867 1739 2929; x_wconf 92' lang='lat' dir='ltr'>pro</span> <span class='ocrx_word' id='word_1_211' title='bbox 1761 2857 1834 2912; x_wconf 86' lang='lat' dir='ltr'>tota</span> 
     </span>
     <span class='ocr_line' id='line_1_22' title="bbox 483 2963 1833 3049; baseline 0.005 -24"><span class='ocrx_word' id='word_1_212' title='bbox 483 2963 553 3026; x_wconf 88' lang='lat' dir='ltr'>vita</span> <span class='ocrx_word' id='word_1_213' title='bbox 571 2983 632 3026; x_wconf 90' lang='lat' dir='ltr'>sua</span> <span class='ocrx_word' id='word_1_214' title='bbox 651 2963 764 3028; x_wconf 91' lang='lat' dir='ltr'>stricto</span> <span class='ocrx_word' id='word_1_215' title='bbox 783 2964 909 3048; x_wconf 86' lang='lat' dir='ltr'>jejunio</span> <span class='ocrx_word' id='word_1_216' title='bbox 927 2965 1085 3049; x_wconf 90' lang='lat' dir='ltr'>jejunare,</span> <span class='ocrx_word' id='word_1_217' title='bbox 1106 2965 1163 3030; x_wconf 92' lang='lat' dir='ltr'>tali</span> <span class='ocrx_word' id='word_1_218' title='bbox 1185 2967 1239 3030; x_wconf 90' lang='lat' dir='ltr'>die</span> <span class='ocrx_word' id='word_1_219' title='bbox 1260 2967 1293 3032; x_wconf 93' lang='lat' dir='ltr'>in</span> <span class='ocrx_word' id='word_1_220' title='bbox 1310 2987 1377 3049; x_wconf 93' lang='lat' dir='ltr'>qua</span> <span class='ocrx_word' id='word_1_221' title='bbox 1396 2967 1423 3029; x_wconf 90' lang='lat' dir='ltr'>si</span> <span class='ocrx_word' id='word_1_222' title='bbox 1446 2967 1492 3031; x_wconf 91' lang='lat' dir='ltr'>sic</span> <span class='ocrx_word' id='word_1_223' title='bbox 1510 2966 1637 3048; x_wconf 90' lang='lat' dir='ltr'>jejunet</span> <span class='ocrx_word' id='word_1_224' title='bbox 1657 2966 1833 3032; x_wconf 87' lang='lat' dir='ltr'>verisimile</span> 
     </span>
     <span class='ocr_line' id='line_1_23' title="bbox 484 3085 1833 3170; baseline 0.004 -24"><span class='ocrx_word' id='word_1_225' title='bbox 484 3092 535 3147; x_wconf 91' lang='lat' dir='ltr'>est</span> <span class='ocrx_word' id='word_1_226' title='bbox 564 3085 654 3166; x_wconf 91' lang='lat' dir='ltr'>quod</span> <span class='ocrx_word' id='word_1_227' title='bbox 685 3085 893 3166; x_wconf 88' lang='lat' dir='ltr'>periclitabit.</span> <span class='ocrx_word' id='word_1_228' title='bbox 946 3086 1023 3168; x_wconf 87' lang='lat' dir='ltr'>Jam</span> <span class='ocrx_word' id='word_1_229' title='bbox 1053 3087 1132 3152; x_wconf 88' lang='lat' dir='ltr'>boni</span> <span class='ocrx_word' id='word_1_230' title='bbox 1161 3087 1280 3170; x_wconf 89' lang='lat' dir='ltr'>judicis</span> <span class='ocrx_word' id='word_1_231' title='bbox 1309 3087 1486 3170; x_wconf 90' lang='lat' dir='ltr'>spiritualis</span> <span class='ocrx_word' id='word_1_232' title='bbox 1512 3097 1564 3151; x_wconf 92' lang='lat' dir='ltr'>est</span> <span class='ocrx_word' id='word_1_233' title='bbox 1590 3087 1774 3152; x_wconf 89' lang='lat' dir='ltr'>discernere</span> <span class='ocrx_word' id='word_1_234' title='bbox 1798 3097 1833 3152; x_wconf 90' lang='lat' dir='ltr'>et</span> 
     </span>
     <span class='ocr_line' id='line_1_24' title="bbox 479 3205 1831 3292; baseline 0.003 -23"><span class='ocrx_word' id='word_1_235' title='bbox 479 3205 636 3288; x_wconf 89' lang='lat' dir='ltr'>judicare,</span> <span class='ocrx_word' id='word_1_236' title='bbox 659 3207 767 3288; x_wconf 88' lang='lat' dir='ltr'>ipsum</span> <span class='ocrx_word' id='word_1_237' title='bbox 790 3229 856 3271; x_wconf 88' lang='lat' dir='ltr'>non</span> <span class='ocrx_word' id='word_1_238' title='bbox 880 3229 951 3272; x_wconf 89' lang='lat' dir='ltr'>esse</span> <span class='ocrx_word' id='word_1_239' title='bbox 975 3209 1147 3273; x_wconf 84' lang='lat' dir='ltr'>materiam</span> <span class='ocrx_word' id='word_1_240' title='bbox 1169 3208 1262 3273; x_wconf 91' lang='lat' dir='ltr'>istius</span> <span class='ocrx_word' id='word_1_241' title='bbox 1285 3209 1375 3292; x_wconf 85' lang='lat' dir='ltr'>legis,</span> <span class='ocrx_word' id='word_1_242' title='bbox 1400 3229 1460 3274; x_wconf 91' lang='lat' dir='ltr'>nec</span> <span class='ocrx_word' id='word_1_243' title='bbox 1482 3210 1525 3272; x_wconf 91' lang='lat' dir='ltr'>ad</span> <span class='ocrx_word' id='word_1_244' title='bbox 1547 3209 1645 3272; x_wconf 90' lang='lat' dir='ltr'>istam</span> <span class='ocrx_word' id='word_1_245' title='bbox 1667 3207 1750 3292; x_wconf 86' lang='lat' dir='ltr'>legis</span> <span class='ocrx_word' id='word_1_246' title='bbox 1772 3209 1831 3273; x_wconf 92' lang='lat' dir='ltr'>ob-</span> 
     </span>
     <span class='ocr_line' id='line_1_25' title="bbox 483 3329 1900 3412; baseline 0.001 -21"><span class='ocrx_word' id='word_1_247' title='bbox 483 3329 685 3393; x_wconf 89' lang='lat' dir='ltr'>servanciam</span> <span class='ocrx_word' id='word_1_248' title='bbox 707 3329 809 3411; x_wconf 86' lang='lat' dir='ltr'>ligari,</span> <span class='ocrx_word' id='word_1_249' title='bbox 827 3351 893 3412; x_wconf 91' lang='lat' dir='ltr'>qua</span> <span class='ocrx_word' id='word_1_250' title='bbox 913 3331 1099 3394; x_wconf 85' lang='lat' dir='ltr'>decernitur</span> <span class='ocrx_word' id='word_1_251' title='bbox 1121 3339 1154 3394; x_wconf 89' lang='lat' dir='ltr'>et</span> <span class='ocrx_word' id='word_1_252' title='bbox 1173 3330 1329 3395; x_wconf 87' lang='lat' dir='ltr'>statuitur</span> <span class='ocrx_word' id='word_1_253' title='bbox 1349 3351 1448 3394; x_wconf 92' lang='lat' dir='ltr'>omne</span> <span class='ocrx_word' id='word_1_254' title='bbox 1467 3339 1583 3394; x_wconf 92' lang='lat' dir='ltr'>votum</span> <span class='ocrx_word' id='word_1_255' title='bbox 1605 3329 1731 3394; x_wconf 91' lang='lat' dir='ltr'>licitum</span> <span class='ocrx_word' id='word_1_256' title='bbox 1753 3329 1832 3393; x_wconf 91' lang='lat' dir='ltr'>sim·</span> <span class='ocrx_word' id='word_1_257' title='bbox 1898 3357 1900 3362; x_wconf 95' lang='lat'>·</span> 
     </span>
     <span class='ocr_line' id='line_1_26' title="bbox 480 3449 1831 3534; baseline 0.003 -24"><span class='ocrx_word' id='word_1_258' title='bbox 480 3449 610 3532; x_wconf 90' lang='lat' dir='ltr'>pliciter</span> <span class='ocrx_word' id='word_1_259' title='bbox 635 3450 887 3529; x_wconf 90' lang='lat' dir='ltr'>observandum,</span> <span class='ocrx_word' id='word_1_260' title='bbox 913 3462 947 3515; x_wconf 90' lang='lat' dir='ltr'>et</span> <span class='ocrx_word' id='word_1_261' title='bbox 977 3452 1039 3516; x_wconf 87' lang='lat' dir='ltr'>ista</span> <span class='ocrx_word' id='word_1_262' title='bbox 1067 3452 1171 3516; x_wconf 87' lang='lat' dir='ltr'>virtus</span> <span class='ocrx_word' id='word_1_263' title='bbox 1195 3473 1253 3515; x_wconf 88' lang='lat' dir='ltr'>seu</span> <span class='ocrx_word' id='word_1_264' title='bbox 1282 3453 1461 3534; x_wconf 87' lang='lat' dir='ltr'>prudencia</span> <span class='ocrx_word' id='word_1_265' title='bbox 1486 3451 1636 3528; x_wconf 89' lang='lat' dir='ltr'>docendi,</span> <span class='ocrx_word' id='word_1_266' title='bbox 1661 3450 1831 3532; x_wconf 90' lang='lat' dir='ltr'>quomodo</span> 
     </span>
     <span class='ocr_line' id='line_1_27' title="bbox 483 3571 1829 3656; baseline 0.002 -25"><span class='ocrx_word' id='word_1_267' title='bbox 483 3579 516 3632; x_wconf 90' lang='lat' dir='ltr'>et</span> <span class='ocrx_word' id='word_1_268' title='bbox 535 3571 668 3652; x_wconf 91' lang='lat' dir='ltr'>quando</span> <span class='ocrx_word' id='word_1_269' title='bbox 686 3571 744 3634; x_wconf 86' lang='lat' dir='ltr'>lex</span> <span class='ocrx_word' id='word_1_270' title='bbox 765 3571 912 3636; x_wconf 88' lang='lat' dir='ltr'>humana</span> <span class='ocrx_word' id='word_1_271' title='bbox 930 3573 1031 3636; x_wconf 90' lang='lat' dir='ltr'>debet</span> <span class='ocrx_word' id='word_1_272' title='bbox 1052 3573 1224 3648; x_wconf 90' lang='lat' dir='ltr'>observari,</span> <span class='ocrx_word' id='word_1_273' title='bbox 1242 3583 1275 3636; x_wconf 91' lang='lat' dir='ltr'>et</span> <span class='ocrx_word' id='word_1_274' title='bbox 1295 3574 1428 3656; x_wconf 92' lang='lat' dir='ltr'>quando</span> <span class='ocrx_word' id='word_1_275' title='bbox 1448 3593 1513 3636; x_wconf 90' lang='lat' dir='ltr'>non</span> <span class='ocrx_word' id='word_1_276' title='bbox 1534 3572 1635 3636; x_wconf 90' lang='lat' dir='ltr'>debet</span> <span class='ocrx_word' id='word_1_277' title='bbox 1654 3571 1829 3647; x_wconf 87' lang='lat' dir='ltr'>observari,</span> 
     </span>
     <span class='ocr_line' id='line_1_28' title="bbox 482 3691 1829 3774; baseline 0.002 -21"><span class='ocrx_word' id='word_1_278' title='bbox 482 3691 601 3754; x_wconf 89' lang='lat' dir='ltr'>dicitur</span> <span class='ocrx_word' id='word_1_279' title='bbox 630 3691 780 3774; x_wconf 89' lang='lat' dir='ltr'>epikeya,</span> <span class='ocrx_word' id='word_1_280' title='bbox 807 3700 845 3755; x_wconf 90' lang='lat' dir='ltr'>ut</span> <span class='ocrx_word' id='word_1_281' title='bbox 874 3692 1020 3759; x_wconf 88' lang='lat' dir='ltr'>declarat</span> <span class='ocrx_word' id='word_1_282' title='bbox 1047 3693 1174 3756; x_wconf 90' lang='lat' dir='ltr'>Doctor</span> <span class='ocrx_word' id='word_1_283' title='bbox 1203 3693 1395 3757; x_wconf 89' lang='lat' dir='ltr'>Franciscus</span> <span class='ocrx_word' id='word_1_284' title='bbox 1420 3693 1463 3756; x_wconf 88' lang='lat' dir='ltr'>de</span> <span class='ocrx_word' id='word_1_285' title='bbox 1490 3693 1645 3770; x_wconf 88' lang='lat' dir='ltr'>Maronis,</span> <span class='ocrx_word' id='word_1_286' title='bbox 1671 3692 1724 3754; x_wconf 88' lang='lat' dir='ltr'>De</span> <span class='ocrx_word' id='word_1_287' title='bbox 1752 3712 1829 3774; x_wconf 92' lang='lat' dir='ltr'>pro-</span> 
     </span>
     <span class='ocr_line' id='line_1_29' title="bbox 481 3811 1829 3886; baseline 0.001 -12"><span class='ocrx_word' id='word_1_288' title='bbox 481 3811 588 3875; x_wconf 91' lang='lat' dir='ltr'>vincia</span> <span class='ocrx_word' id='word_1_289' title='bbox 615 3812 802 3886; x_wconf 70' lang='lat' dir='ltr'>Provincia,</span> <span class='ocrx_word' id='word_1_290' title='bbox 827 3813 860 3876; x_wconf 91' lang='lat' dir='ltr'>in</span> <span class='ocrx_word' id='word_1_291' title='bbox 886 3813 969 3877; x_wconf 91' lang='lat' dir='ltr'>libro</span> <span class='ocrx_word' id='word_1_292' title='bbox 992 3834 1053 3877; x_wconf 89' lang='lat' dir='ltr'>suo</span> <span class='ocrx_word' id='word_1_293' title='bbox 1077 3814 1131 3876; x_wconf 90' lang='lat' dir='ltr'>De</span> <span class='ocrx_word' id='word_1_294' title='bbox 1154 3814 1329 3877; x_wconf 87' lang='lat' dir='ltr'>virtutibus</span> <span class='ocrx_word' id='word_1_295' title='bbox 1355 3813 1541 3877; x_wconf 86' lang='lat' dir='ltr'>moralibus.</span> <span class='ocrx_word' id='word_1_296' title='bbox 1586 3811 1756 3876; x_wconf 88' lang='lat' dir='ltr'>Provincia</span> <span class='ocrx_word' id='word_1_297' title='bbox 1778 3819 1829 3876; x_wconf 89' lang='lat' dir='ltr'>est</span> 
     </span>
     <span class='ocr_line' id='line_1_30' title="bbox 482 3933 1828 4017; baseline 0 -21"><span class='ocrx_word' id='word_1_298' title='bbox 482 3952 603 3996; x_wconf 91' lang='lat' dir='ltr'>nomen</span> <span class='ocrx_word' id='word_1_299' title='bbox 618 3934 785 4016; x_wconf 90' lang='lat' dir='ltr'>proprium</span> <span class='ocrx_word' id='word_1_300' title='bbox 801 3934 896 3997; x_wconf 90' lang='lat' dir='ltr'>unius</span> <span class='ocrx_word' id='word_1_301' title='bbox 911 3935 1095 4017; x_wconf 83' lang='lat' dir='ltr'>provinciae.</span> <span class='ocrx_word' id='word_1_302' title='bbox 1142 3935 1211 3999; x_wconf 90' lang='lat' dir='ltr'>Isto</span> <span class='ocrx_word' id='word_1_303' title='bbox 1230 3935 1331 3998; x_wconf 90' lang='lat' dir='ltr'>modo</span> <span class='ocrx_word' id='word_1_304' title='bbox 1348 3934 1500 3998; x_wconf 90' lang='lat' dir='ltr'>solebant</span> <span class='ocrx_word' id='word_1_305' title='bbox 1518 3934 1622 3998; x_wconf 91' lang='lat' dir='ltr'>sancti</span> <span class='ocrx_word' id='word_1_306' title='bbox 1637 3942 1747 4015; x_wconf 90' lang='lat' dir='ltr'>patres</span> <span class='ocrx_word' id='word_1_307' title='bbox 1762 3933 1828 3997; x_wconf 90' lang='lat' dir='ltr'>dis·</span> 
     </span>
     <span class='ocr_line' id='line_1_31' title="bbox 482 4053 1828 4137; baseline 0.003 -23"><span class='ocrx_word' id='word_1_308' title='bbox 482 4072 620 4134; x_wconf 89' lang='lat' dir='ltr'>pensare</span> <span class='ocrx_word' id='word_1_309' title='bbox 639 4074 696 4116; x_wconf 91' lang='lat' dir='ltr'>seu</span> <span class='ocrx_word' id='word_1_310' title='bbox 719 4053 900 4133; x_wconf 90' lang='lat' dir='ltr'>licenciare,</span> <span class='ocrx_word' id='word_1_311' title='bbox 918 4056 1007 4137; x_wconf 94' lang='lat' dir='ltr'>quod</span> <span class='ocrx_word' id='word_1_312' title='bbox 1029 4055 1116 4118; x_wconf 89' lang='lat' dir='ltr'>idem</span> <span class='ocrx_word' id='word_1_313' title='bbox 1136 4065 1194 4130; x_wconf 90' lang='lat' dir='ltr'>est,</span> <span class='ocrx_word' id='word_1_314' title='bbox 1214 4075 1259 4119; x_wconf 91' lang='lat' dir='ltr'>sc.</span> <span class='ocrx_word' id='word_1_315' title='bbox 1278 4054 1436 4137; x_wconf 89' lang='lat' dir='ltr'>judicare,</span> <span class='ocrx_word' id='word_1_316' title='bbox 1452 4054 1621 4137; x_wconf 90' lang='lat' dir='ltr'>quomodo</span> <span class='ocrx_word' id='word_1_317' title='bbox 1640 4063 1673 4118; x_wconf 90' lang='lat' dir='ltr'>et</span> <span class='ocrx_word' id='word_1_318' title='bbox 1693 4053 1828 4135; x_wconf 89' lang='lat' dir='ltr'>quando</span> 
     </span>
     <span class='ocr_line' id='line_1_32' title="bbox 482 4173 1828 4260; baseline 0.001 -24"><span class='ocrx_word' id='word_1_319' title='bbox 482 4173 670 4238; x_wconf 90' lang='lat' dir='ltr'>observacio</span> <span class='ocrx_word' id='word_1_320' title='bbox 691 4174 773 4257; x_wconf 84' lang='lat' dir='ltr'>legis</span> <span class='ocrx_word' id='word_1_321' title='bbox 793 4175 946 4240; x_wconf 84' lang='lat' dir='ltr'>humanae</span> <span class='ocrx_word' id='word_1_322' title='bbox 967 4177 1107 4260; x_wconf 73' lang='lat' dir='ltr'>scriptae,</span> <span class='ocrx_word' id='word_1_323' title='bbox 1126 4198 1183 4241; x_wconf 89' lang='lat' dir='ltr'>seu</span> <span class='ocrx_word' id='word_1_324' title='bbox 1206 4176 1363 4258; x_wconf 86' lang='lat' dir='ltr'>positivae,</span> <span class='ocrx_word' id='word_1_325' title='bbox 1379 4177 1487 4242; x_wconf 90' lang='lat' dir='ltr'>tendit</span> <span class='ocrx_word' id='word_1_326' title='bbox 1507 4176 1539 4238; x_wconf 91' lang='lat' dir='ltr'>in</span> <span class='ocrx_word' id='word_1_327' title='bbox 1561 4184 1775 4257; x_wconf 87' lang='lat' dir='ltr'>augmentum</span> <span class='ocrx_word' id='word_1_328' title='bbox 1794 4181 1828 4238; x_wconf 84' lang='lat' dir='ltr'>et</span> 
     </span>
    </p>
   </div>
   <div class='ocr_carea' id='block_1_7' title="bbox 0 0 2194 4936">
    <p class='ocr_par' dir='ltr' id='par_1_7' title="bbox 0 0 2194 4936">
     <span class='ocr_line' id='line_1_33' title="bbox 0 0 2194 4936; baseline 0 3"><span class='ocrx_word' id='word_1_329' title='bbox 0 0 2194 4936; x_wconf 95' lang='lat' dir='ltr'> </span> 
     </span>
    </p>
   </div>
  </div>
 </body>
</html>
