4322 4936
714 414 812 468 Luc!
838 414 867 467 E
895 415 1020 470 LIBRO
1055 415 1316 473 t'ERll‘Athrr.
1636 425 1695 494 ”l

337 627 426 690 bona
444 627 512 690 vita
534 628 567 690 in
585 625 742 708 parochia
763 637 934 704 cresceret,
950 627 1101 710 quamvis
1120 627 1258 694 ecclesia
1279 627 1453 712 collegiata
1475 647 1540 694 non
1561 627 1694 694 luberet

338 748 400 810 nisi
432 749 516 810 duos
538 747 591 810 vel
619 755 686 809 tres
716 748 905 811 sacerdotes
932 749 1131 814 scientificus
1161 759 1195 815 et
1217 750 1302 815 bene
1325 751 1481 827 viventes,
1503 751 1555 816 vel
1587 751 1696 834 plures

338 870 518 932 secundum
545 868 691 932 valorem
719 867 875 947 ecclesiae,
899 879 933 934 et
959 871 1005 935 sic
1033 883 1084 936 est
1114 871 1292 954 collegium
1327 869 1461 937 Ricardi
1489 869 1694 954 Wittlugtou

338 987 531 1053 Londoniis.

425 1119 462 1186 [p.
485 1120 557 1182 aaa]
602 1118 775 1175 Sacerdos.
820 1111 882 1174 Vae
913 1131 992 1194 ergo
1026 1113 1073 1176 eis
1108 1113 1164 1196 qui
1197 1113 1383 1178 concedunt
1414 1109 1569 1178 ccclesias
1600 1131 1695 1196 paro

338 1229 462 1295 chiales
491 1232 705 1313 appropriari,
730 1241 764 1295 et
793 1231 919 1296 habent
948 1233 1121 1297 annuatim
1148 1233 1190 1298 de
1220 1233 1369 1316 qualibet
1403 1233 1541 1299 ecclesia
1571 1243 1694 1298 certant

338 1353 540 1434 pensionem,
558 1353 600 1414 de
615 1351 727 1434 aliqua
744 1351 883 1416 ecclesia
897 1351 934 1416 xl
950 1352 1084 1430 solidos,
1102 1353 1145 1417 dc
1160 1353 1224 1418 alia
1240 1353 1355 1436 viginti
1377 1353 1502 1418 solidus
1523 1354 1694 1418 unattatiru

337 1491 420 1554 quas
449 1473 594 1554 episcopi
621 1481 742 1536 vocant
769 1473 1028 1555 indempnitates
1055 1493 1141 1548 suas,
1169 1473 1220 1538 vel
1248 1475 1336 1538 dona
1366 1494 1426 1558 pro
1454 1473 1695 1558 indempnitate

338 1611 398 1656 sua
420 1593 575 1672 cavenda,
598 1602 632 1656 et
655 1595 702 1656 sic
725 1595 855 1674 operuit
879 1593 1023 1658 lacrimis
1045 1593 1150 1660 altare
1174 1595 1259 1660 Deil

425 1723 462 1790 [p.
483 1723 553 1786 648]
598 1720 775 1790 scriptura
797 1722 910 1778 flaura.
957 1715 1029 1779 Nec
1056 1725 1106 1780 est
1131 1715 1291 1798 scriptura
1316 1715 1544 1800 vituperanda,
1573 1735 1632 1780 nee
1660 1727 1694 1780 ut

338 1834 445 1916 caliga
471 1834 603 1898 Walliae
634 1836 827 1917 reputanda,
853 1836 878 1898 si
909 1836 952 1900 sit
980 1835 1129 1918 pluribus
1155 1837 1240 1900 veris
1270 1835 1487 1920 applicabilia,
1519 1835 1603 1900 sicut
1636 1855 1694 1900 nee

339 1957 476 2019 materia
499 1957 606 2039 prima
625 1965 675 2020 est
693 1957 888 2038 vituperata,
911 1979 950 2021 eo
974 1958 1063 2039 quod
1087 1977 1196 2040 capax
1218 1967 1267 2022 est
1292 1957 1433 2042 plurium
1457 1967 1490 2023 ct
1514 1957 1694 2040 disparium

338 2075 529 2140 formarum.

425 2206 462 2272 [p.
486 2205 557 2272 ⁶56]
602 2203 815 2260 scandalum.
864 2195 958 2262 Obiit
985 2197 1129 2262 Sanctus
1158 2198 1259 2276 Beda,
1284 2197 1325 2280 vij
1355 2197 1515 2262 kalendas
1540 2197 1639 2282 Junii,
1662 2197 1693 2262 iu

339 2319 539 2382 monasterio
561 2319 759 2383 sanctissimi
785 2318 876 2382 Pauli
900 2317 1042 2402 apostoli
1064 2319 1097 2382 in
1118 2317 1207 2400 jam,
1223 2329 1341 2384 vocato
1361 2317 1499 2384 Girnum
1523 2319 1554 2382 in
1575 2319 1694 2384 Latine

338 2460 508 2518 sermone;
536 2441 647 2522 ibique
670 2439 819 2522 sepultus
842 2438 912 2516 luit,
935 2448 969 2504 et
988 2449 1105 2522 postea
1127 2441 1307 2506 translatus
1328 2438 1543 2504 Dunclmium
1564 2439 1694 2504 suerunt

337 2558 410 2648 (sic)
434 2581 493 2644 per
515 2564 673 2626 devotum
696 2563 903 2625 sacerdotem
921 2559 1182 2625 Dunelmensem
1204 2559 1401 2638 lliuredum,
1424 2559 1526 2626 filium
1544 2559 1693 2634 Weatini,

338 2692 371 2745 et
394 2703 512 2764 corpus
536 2683 607 2764 ejus
634 2685 780 2765 positum
808 2683 842 2745 in
869 2683 987 2746 eadem
1014 2681 1111 2746 theca
1143 2681 1175 2746 in
1203 2701 1269 2764 qua
1294 2680 1355 2746 luit
1381 2701 1500 2766 corpus
1528 2681 1695 2766 incorrup-

338 2813 409 2866 tum
433 2803 538 2867 sancti
562 2805 664 2885 patris
690 2803 877 2872 Cuthberti.
897 2803 944 2867 ita
968 2813 1003 2866 ut
1028 2824 1091 2867 una
1119 2814 1152 2868 et
1176 2804 1292 2866 eadem
1318 2801 1415 2866 theca
1438 2823 1557 2886 corpus
1580 2801 1693 2866 Sancti

340 2922 516 2988 Cuthberti
552 2935 585 2988 et
618 2945 694 2988 ossa
726 2925 840 2989 Sancti
873 2924 974 2988 Bedae
1005 2925 1205 2989 continebat.
1267 2923 1351 2988 lla-c
1386 2923 1451 2986 vidi
1490 2923 1521 2988 in
1553 2921 1694 2986 Cronica

338 3045 426 3108 bona
447 3045 657 3110 Eveshamiae
677 3065 738 3128 per
761 3063 803 3129 30
823 3044 961 3109 miliaria
980 3046 1022 3108 ab
1047 3045 1202 3122 Oxonia3
1233 3055 1349 3128 postca
1370 3055 1492 3122 tamen,
1509 3053 1544 3108 ut
1566 3043 1693 3118 dicitur,

337 3177 527 3247 separatum
557 3165 619 3230 luit
650 3185 769 3248 corpus
801 3165 916 3230 Sancti
949 3165 1050 3229 Bedae
1081 3186 1101 3230 a
1131 3185 1267 3248 corpore
1299 3164 1411 3228 Sancti
1445 3161 1630 3240 Cuthberti,
1661 3171 1693 3226 et

338 3287 483 3367 positum
505 3287 539 3348 in
561 3286 627 3350 alia
649 3286 786 3369 capsula
808 3287 841 3349 in
863 3285 1001 3350 ecclesia
1026 3285 1241 3350 Dunelmensi
1267 3285 1299 3348 in
1324 3283 1397 3350 loco
1418 3293 1537 3350 vocatu
1556 3281 1694 3360 Gallica,

339 3407 393 3468 ubi
413 3406 482 3487 jam
505 3405 685 3470 honoratur
706 3427 727 3469 a
748 3406 835 3470 clero
858 3417 892 3470 et
915 3407 1050 3489 populo.

424 3536 461 3603 [p.
482 3535 554 3600 673]
592 3535 791 3602 absalom.
837 3526 1020 3592 Canonista
1040 3529 1128 3591 enim
1149 3529 1238 3609 capit
1258 3547 1317 3590 aua
1341 3525 1501 3610 principia
1525 3523 1640 3608 prima,
1658 3533 1693 3588 ut

338 3657 538 3711 concernunt
563 3648 698 3730 agibilia
724 3649 767 3712 ab
792 3648 935 3726 homine,
959 3659 993 3712 et
1020 3669 1040 3712 a
1066 3647 1206 3712 concilio
1233 3647 1378 3730 generali
1405 3645 1561 3722 ecclesia,
1585 3665 1641 3708 acu
1674 3665 1693 3708 a

338 3789 427 3850 papa
450 3769 540 3832 edita
563 3779 597 3832 et
619 3779 755 3844 statuta,
775 3779 812 3833 ut
835 3769 958 3852 regulae
981 3779 1114 3833 actuum
1139 3768 1286 3832 ecclesia·
1309 3767 1557 3850 pertinencium.
1604 3763 1692 3828 Civi-

339 3888 415 3951 lista
440 3889 527 3950 enim
552 3889 641 3971 capit
668 3890 828 3973 principia
853 3911 921 3966 sua,
945 3901 981 3954 ut
1006 3899 1208 3954 concernunt
1233 3888 1387 3972 policiam
1413 3897 1447 3952 et
1473 3885 1693 3952 cohabitacio-

339 4029 415 4072 nem
446 4007 628 4083 hominum,
659 4009 703 4073 ab
739 4009 938 4093 imperatore
973 4031 1028 4074 seu
1065 4009 1108 4074 ab
1140 4009 1214 4073 aliis
1247 4007 1500 4092 praesidentibus
1531 4005 1692 4070 ordinata.

341 4129 378 4193 Si
408 4130 578 4193 canonista
604 4129 655 4192 vel
685 4131 825 4193 civilista
855 4131 918 4193 ista
949 4131 1108 4212 principia
1139 4129 1360 4202 transcendat,
1389 4139 1469 4211 puta
1500 4127 1530 4190 in
1562 4125 1693 4208 objecta

339 4251 499 4313 naturalia
522 4271 577 4312 seu
602 4249 722 4324 divina,
746 4261 824 4314 tunc
847 4249 1039 4316 facultatem
1065 4271 1158 4313 suam
1183 4249 1321 4314 dimittit
1346 4259 1379 4312 et
1403 4249 1500 4312 aliam
1525 4247 1634 4310 intrat.
