4322 4936
717 413 815 472 LOCI
840 412 869 469 E
898 411 1022 470 LIBRO
1057 413 1315 471 VERITATUM.
1630 417 1691 489 205

345 629 577 713 Margaretam,
592 628 694 693 filiam
713 631 872 695 minorem
896 631 989 695 ducis
1005 630 1180 714 Loringiae,
1196 631 1251 714 qui
1274 629 1453 694 vocabatur
1474 649 1532 692 rex
1550 627 1693 704 Ceciliae‚

342 752 401 815 sed
432 751 530 815 nichil
560 751 637 815 inde
665 750 790 826 habuit,
822 751 981 834 expulsus
1014 752 1091 816 inde
1119 772 1181 835 per
1214 771 1325 833 regem
1357 749 1481 814 malum
1511 749 1692 832 Aragoniae

343 873 546 953 Alionsum3
576 893 643 954 quo
673 873 883 937 matrimonio
915 881 1094 950 contracto
1125 873 1196 955 ipse
1228 871 1300 935 dux
1338 871 1471 935 recessit
1509 871 1628 936 iterum
1659 873 1694 934 in

343 995 513 1078 Angliam,
541 1003 574 1058 et
601 994 739 1077 pecunia
763 1012 885 1076 magna
907 993 1162 1076 quintadecimae
1193 1003 1226 1057 et
1252 993 1390 1057 decimae
1420 995 1453 1056 in
1476 992 1600 1076 Anglia
1627 993 1693 1058 coi-

344 1118 438 1196 lecta,
462 1117 581 1180 iterum
606 1116 639 1178 in
666 1115 839 1178 Franciam
866 1115 1024 1197 equitavit
1050 1125 1082 1179 et
1106 1114 1282 1196 navigavit,
1308 1113 1351 1176 ad
1381 1114 1569 1178 ducendum
1602 1115 1693 1179 illam

345 1239 568 1321 Margaretam
595 1237 628 1300 in
654 1235 824 1318 Angliam,
851 1245 887 1299 ut
914 1246 1000 1300 esset
1024 1256 1109 1298 uxor
1134 1236 1219 1317 regis
1246 1244 1279 1298 et
1309 1235 1432 1316 regina,
1454 1236 1513 1299 sed
1544 1244 1693 1318 tempore

344 1359 539 1422 intermedio
581 1357 793 1440 Francigenae
833 1365 1059 1421 arestaverunt
1096 1377 1169 1420 eam
1211 1355 1366 1434 dicentes,
1404 1355 1498 1420 ‘Ista
1535 1357 1605 1438 jam
1643 1366 1694 1421 est

345 1481 456 1563 regina
477 1479 610 1562 Angliae
634 1488 667 1543 et
690 1488 735 1556 tu,
759 1479 831 1542 dux
858 1477 1090 1552 Sowthsolciae‚
1118 1497 1184 1541 non
1210 1476 1314 1540 habes
1338 1475 1466 1540 salvum
1491 1479 1693 1542 conductum

344 1601 429 1684 regis
456 1601 558 1664 nostri
586 1599 732 1664 Franciae
758 1619 818 1682 pro
846 1619 892 1675 ea,
921 1599 996 1662 ideo
1025 1609 1062 1662 tu
1090 1619 1156 1662 non
1182 1597 1319 1662 habebis
1345 1597 1477 1660 eumin
1502 1597 1662 1682 Angliam
1674 1595 1694 1678 ;'

345 1731 378 1787 et
401 1723 473 1786 dux
499 1723 677 1805 praedictus
701 1720 773 1784 haec
796 1720 1006 1784 considerans
1032 1728 1066 1782 ct
1096 1719 1205 1801 qualia
1232 1717 1295 1781 sibi
1325 1718 1385 1799 ipsi
1415 1719 1491 1782 duci
1521 1718 1637 1784 fierent
1660 1721 1693 1782 in

344 1842 476 1926 Anglia,
499 1843 526 1906 si
549 1845 619 1925 ipse
642 1841 732 1905 illam
758 1841 790 1903 in
807 1840 966 1922 Angliam
990 1860 1056 1904 non
1079 1841 1223 1914 duceret,
1242 1838 1386 1921 optinuit
1407 1859 1428 1901 a
1450 1859 1527 1922 rege
1546 1838 1692 1922 Angliae‚

346 1964 491 2028 Henrico
514 1962 631 2040 Sext0,
651 1961 913 2026 Cenomanniam
936 1971 970 2025 et
990 1960 1215 2042 Andigaviam
1238 1958 1308 2022 dari
1331 1960 1365 2021 in
1387 1968 1583 2042 perpetuum
1607 1961 1693 2042 patri

344 2084 430 2148 illius
454 2085 585 2167 reginae,
608 2083 683 2147 duci
706 2081 881 2166 Loringiae‚
905 2081 997 2164 cujus
1023 2101 1144 2145 nomen
1167 2080 1227 2144 ruit
1250 2090 1421 2163 regnatum
1445 2081 1544 2145 etsie
1570 2080 1693 2145 factum

344 2205 416 2270 suit.
457 2206 504 2270 Et
521 2205 634 2269 statim
655 2213 773 2288 postea
790 2223 851 2266 rex
867 2202 1010 2286 Angliae,
1027 2203 1192 2266 Henricus
1208 2200 1344 2274 Sextus,
1365 2201 1507 2284 perdidit
1528 2201 1694 2266 Norman·

344 2327 433 2390 niam
464 2337 498 2391 et
528 2326 710 2403 Franciam,
739 2344 850 2408 quam,
872 2324 942 2388 sine
968 2322 1057 2387 bello
1084 2333 1119 2387 et
1149 2323 1225 2398 ictu,
1248 2321 1451 2404 Franciginae
1482 2323 1694 2405 optinuerunt

343 2467 364 2509 a
396 2447 547 2510 manibus
581 2463 759 2529 paucorum
788 2444 977 2527 Anglorum
1015 2443 1059 2507 ibi
1089 2442 1330 2520 existencium3
1367 2452 1401 2506 et
1430 2443 1543 2507 statim
1577 2453 1695 2526 postea

344 2568 488 2649 perdidit
518 2589 578 2631 rex
600 2568 688 2631 idem
712 2565 846 2648 Angliae
868 2565 1088 2639 Vasconiam;
1123 2576 1156 2628 et
1184 2585 1285 2646 regno
1309 2563 1453 2645 Angliae,
1476 2565 1694 2630 occisionibus

344 2689 571 2772 episcoporum
598 2699 632 2753 et
658 2689 876 2765 dominorum,
897 2697 975 2750 tunc
1003 2685 1143 2748 multum
1167 2685 1367 2768 perturbato,
1390 2685 1502 2766 regina
1526 2685 1581 2749 illa
1605 2687 1694 2751 Mar·

343 2819 467 2892 gareta‚
491 2831 565 2875 cum
591 2833 656 2893 qua
680 2829 739 2873 nec
762 2808 907 2872 valorem
930 2827 955 2869 x
979 2826 1163 2870 marcarum
1187 2825 1323 2888 regnum
1346 2807 1477 2888 recepit,
1500 2807 1594 2889 plura
1616 2808 1694 2873 fecit

344 2931 377 2992 in
408 2951 509 3012 regno
538 2931 682 3013 Angliae,
714 2941 750 2994 ut
781 2929 931 3006 creditur,
964 2938 1141 3010 postquam
1172 2928 1309 2991 maritus
1342 2949 1429 3004 suus,
1461 2948 1520 2991 rex
1550 2929 1693 3012 Angiiae,

345 3051 459 3116 incidit
478 3053 511 3114 in
533 3051 740 3115 manifestam
759 3050 959 3128 stulticiam3
979 3058 1012 3112 et
1028 3049 1138 3131 qualia
1156 3059 1335 3132 sequentur
1355 3071 1399 3112 ex
1419 3051 1539 3131 reginae
1555 3052 1693 3128 actibus,

344 3193 431 3237 anno
454 3173 590 3236 Domini
612 3185 703 3255 1457,
727 3171 820 3235 Deus
843 3171 914 3234 scit.

431 3303 468 3369 [p.
485 3301 554 3370 59¹]
601 3292 770 3357 Haraldus
790 3293 832 3355 de
854 3295 954 3356 armis
977 3292 1062 3373 regis
1078 3291 1225 3355 Franciae
1241 3290 1367 3368 Karoli,
1383 3291 1416 3353 in
1437 3301 1586 3375 ternpore
1608 3296 1694 3376 regis

346 3414 483 3478 Henrici
499 3413 607 3490 Sexti,
620 3413 749 3496 juravit,
765 3433 824 3496 per
839 3413 950 3476 Deum
966 3422 999 3476 et
1021 3433 1080 3495 per
1100 3413 1208 3493 ipsum
1225 3411 1387 3474 Karolum
1407 3433 1519 3496 regem
1535 3414 1564 3476 F
1565 3415 1693 3492 ranciae,

344 3536 506 3618 armigero
521 3533 656 3617 Angliae
676 3535 719 3598 de
739 3533 961 3599 Somersethir
980 3542 1098 3597 vocato
1114 3531 1202 3597 Sanc
1220 3532 1315 3611 Barb,
1331 3533 1420 3615 quod
1444 3533 1514 3616 ipse
1539 3534 1694 3600 haraldus

343 3676 510 3720 armorum
537 3655 662 3721 audivit
689 3675 801 3736 regem
828 3653 976 3718 Franciae
1003 3653 1168 3717 dicentem
1195 3654 1285 3735 quod
1311 3673 1370 3716 rex
1397 3652 1531 3736 Angliae
1557 3656 1695 3738 praedic·

344 3787 408 3857 tus,
435 3799 511 3842 cum
541 3797 702 3842 consensu
732 3777 934 3840 diversorum
961 3776 1170 3839 dominorum
1200 3776 1243 3838 de
1273 3773 1408 3838 consilio
1435 3775 1582 3857 ejusdem
1609 3779 1695 3860 regis

344 3899 491 3984 Angliae,
513 3900 607 3964 dedit
625 3908 659 3963 et
678 3898 840 3962 concessit
864 3897 932 3980 regi
955 3907 989 3961 et
1012 3917 1142 3961 coronae
1165 3895 1313 3960 Franciae
1335 3916 1450 3960 omnes
1473 3905 1576 3960 terras
1599 3907 1695 3962 extra

343 4020 505 4104 Angliam
529 4040 611 4103 quas
637 4020 727 4084 idem
750 4039 811 4082 rex
833 4017 967 4100 Angliae
991 4017 1116 4096 habuit,
1139 4039 1197 4082 seu
1220 4038 1256 4081 se
1282 4015 1436 4081 habuisse
1459 4019 1695 4100 praetendebat‚

345 4143 495 4226 exceptis
517 4141 621 4205 tribus
647 4140 736 4218 locis,
759 4160 803 4204 sc.
824 4139 914 4203 Villa
936 4141 979 4203 de
1005 4139 1108 4222 Calys
1134 4148 1168 4203 et
1190 4138 1325 4202 castello
1349 4139 1481 4222 Hamys
1504 4150 1537 4205 et
1559 4142 1696 4206 castello

346 4263 457 4346 Kynis
472 4262 572 4345 juxta
588 4261 755 4342 Calisiam,
772 4269 805 4326 et
819 4260 891 4325 haec
907 4281 978 4325 esse
993 4281 1069 4325 vera
1085 4260 1207 4342 juravit
1223 4281 1282 4342 per
1301 4261 1411 4326 Deum
1431 4261 1519 4326 idem
1541 4262 1697 4328 haraldus
