4322 4936
713 385 812 440 [οε]
837 387 866 440 a
895 388 1021 442 erano
1056 387 1315 444 VERJTATUM.
1633 373 1693 456 185

338 619 486 680 quaeram
517 600 596 665 talia
627 611 661 666 et
691 603 779 682 talia,
807 614 841 668 et
871 605 947 670 talis
978 607 1098 672 modus
1127 606 1318 691 disputandi
1348 605 1411 669 suit
1440 611 1588 668 servatus
1619 599 1692 666 Ox·

338 720 424 783 oniae
447 721 534 786 inter
555 722 730 806 theologos
751 746 853 807 usque
878 729 921 791 ad
943 727 1040 792 bonae
1062 730 1230 794 memoriae
1253 729 1424 792 doctorem
1445 735 1479 790 et
1500 722 1692 807 episcopum

338 840 615 923 Lincolniensem‚
646 847 817 911 doctorem
852 848 1032 914 Ricardum
1064 851 1293 934 Flemmynge,
1324 857 1438 913 natum
1469 846 1501 909 in
1532 844 1692 909 comitatu

339 960 496 1028 Eborum.

423 1092 481 1157 [n]
526 1084 656 1149 ‘Arcus
686 1086 824 1151 torcium
856 1099 1030 1172 superatus
1060 1103 1119 1166 est,
1151 1100 1185 1155 et
1215 1090 1335 1156 infirmi
1366 1088 1502 1154 accincti
1532 1095 1610 1150 sunt
1639 1103 1691 1148 ro·

337 1201 437 1279 bore,'
461 1205 480 1266 i.
493 1226 520 1268 e.
548 1207 688 1271 sciencia
712 1229 787 1290 quae
811 1219 947 1291 putatur
969 1212 1106 1291 subtilis,
1130 1224 1164 1278 et
1192 1213 1339 1278 curiosus
1362 1213 1481 1275 modus
1503 1204 1635 1272 dicendi
1658 1213 1693 1269 et

336 1325 546 1405 praedicandi,
569 1327 716 1392 infirmus
751 1340 811 1408 est,
834 1332 911 1412 quia
938 1352 1054 1414 parum
1084 1333 1138 1397 vel
1172 1333 1300 1397 nullum
1329 1333 1471 1396 fructum
1499 1329 1605 1412 parit;
1636 1329 1691 1389 ‘et

336 1444 456 1508 infirmi
480 1448 618 1512 accincti
644 1459 722 1513 sunt
741 1451 877 1528 robore,’
900 1454 919 1516 i.
930 1475 957 1516 e.
980 1453 1081 1536 plano
1108 1455 1209 1518 modo
1234 1453 1366 1520 dicendi
1394 1461 1525 1516 utentes
1550 1451 1583 1512 in
1607 1467 1692 1531 prae·

336 1566 505 1631 dicacione
530 1589 598 1644 sua„
622 1570 760 1635 accincti
787 1581 864 1635 sunt
894 1572 1088 1638 fortitudine
1117 1575 1287 1659 spirituali,
1318 1583 1352 1638 et
1381 1573 1463 1638 alios
1490 1571 1536 1635 sic
1566 1568 1691 1632 iaciunt

335 1687 436 1750 sortes
460 1689 492 1750 in
506 1689 636 1768 virtute,
652 1700 689 1754 ut
710 1692 758 1755 ait
780 1693 897 1756 doctor
915 1694 1099 1758 Nicholaus
1117 1696 1160 1759 de
1176 1696 1254 1759 Lira
1277 1696 1311 1759 in
1331 1692 1467 1758 Postilla
1490 1711 1551 1756 sua
1573 1685 1690 1753 morali

336 1828 434 1890 super
456 1808 609 1888 Bibliam,
631 1811 739 1891 primo
764 1812 896 1896 Regum
914 1813 954 1896 ij¹.
1002 1815 1069 1880 Sed
1094 1837 1160 1880 non
1184 1815 1286 1880 habet
1309 1814 1390 1878 illud
1418 1813 1451 1876 in
1468 1809 1606 1876 Postilla
1628 1829 1689 1872 sua

336 1929 478 2006 litterali,
495 1953 552 1995 seu
572 1931 743 2008 historiali,
759 1956 858 2016 super
873 1936 1036 2014 Bibliam;
1061 1947 1093 2002 et
1117 1949 1167 2002 est
1191 1947 1367 2020 utrumque
1391 1955 1474 2018 opus
1494 1931 1582 1996 Lirae
1602 1927 1688 1994 Can·

336 2053 495 2134 tabrigiae,
516 2064 549 2118 et
572 2055 677 2119 eciam
701 2057 858 2139 magister
880 2056 1066 2123 Willelmus
1087 2058 1179 2143 Grey
1200 2059 1303 2124 habet
1325 2058 1414 2122 idem
1438 2075 1522 2139 opus
1545 2049 1689 2118 Oxoniae

336 2174 369 2236 in
392 2195 524 2238 camera
546 2197 606 2240 sua
628 2177 662 2240 in
683 2179 760 2241 aula
784 2179 926 2242 Ballioli.

422 2305 463 2372 [p.
479 2306 554 2374 449]
598 2306 798 2364 Praedicare.
844 2299 880 2365 Si
908 2301 973 2379 ille,
994 2302 1050 2383 qui
1074 2303 1181 2378 docet,
1203 2322 1269 2365 non
1293 2299 1380 2384 turpi
1404 2299 1494 2363 lucro
1518 2306 1552 2360 et
1575 2291 1689 2377 gloriae

335 2425 437 2498 atque
454 2417 638 2499 jactanciae,
662 2421 721 2483 sed
745 2420 879 2485 utilitati
898 2421 1084 2504 legencium
1108 2423 1384 2505 audienciumque
1404 2419 1584 2504 provideat,
1604 2413 1689 2480 tales

336 2537 549 2619 prohibentes
576 2549 610 2603 et
637 2540 855 2623 impedientes
881 2543 1019 2606 verbum
1045 2544 1110 2607 Dei
1136 2552 1170 2608 et
1194 2563 1305 2608 curam
1333 2542 1480 2607 debitam
1505 2537 1689 2602 animarum

335 2677 394 2739 per
419 2658 630 2742 indignorum
658 2671 691 2724 et
716 2661 891 2726 insciorum
922 2664 1168 2729 institucionem
1193 2665 1227 2727 in
1251 2663 1398 2739 ecclesia,
1429 2670 1507 2725 sunt
1530 2658 1609 2723 ebrii
1632 2655 1690 2720 illa

336 2778 496 2843 ebrietate
521 2801 588 2862 qua
610 2782 695 2845 curis
725 2783 835 2846 saeculi
866 2784 1045 2850 inebriatur
1071 2795 1106 2849 et
1134 2785 1282 2850 obruitur
1308 2784 1429 2848 animae
1454 2781 1557 2864 vigor.
1604 2777 1690 2842 Haec

336 2900 479 2966 Sanctus
494 2901 690 2982 Jeronimus,
712 2925 811 2986 super
830 2904 939 2969 Amos
960 2907 1167 2989 prophetam,
1188 2913 1250 2972 ca0.
1266 2905 1303 2989 ij⁰
1321 2913 1445 2970 textus,
1490 2899 1690 2965 Praedicator

335 3021 400 3103 qui,
420 3024 586 3105 praecipue
605 3023 668 3088 hiis
691 3026 816 3100 diebus,
834 3027 993 3109 praedicet
1016 3029 1049 3091 in
1071 3029 1205 3093 nomine
1224 3029 1304 3110 Jesu
1326 3036 1441 3091 contra
1462 3025 1632 3106 episcopos
1655 3029 1690 3084 et

337 3152 479 3206 rectores
501 3144 681 3208 residentes
702 3145 734 3208 in
756 3147 891 3229 palaciis
914 3168 1028 3231 regum
1046 3157 1081 3212 et
1101 3149 1318 3224 dominorum,
1334 3157 1367 3212 et
1388 3146 1433 3210 ibi
1448 3145 1537 3208 bona
1556 3161 1688 3206 suarum

336 3264 548 3328 ecclesiarum
570 3268 776 3350 expendunt,
795 3278 828 3332 et
847 3271 880 3332 in
901 3271 978 3333 anni
1000 3271 1096 3333 donis
1119 3272 1200 3334 dant
1221 3269 1363 3334 dominis
1383 3265 1497 3330 mundi
1521 3273 1554 3328 et
1575 3281 1688 3326 eorum

336 3385 445 3463 servis,
461 3386 512 3449 vel
531 3387 576 3451 ibi
598 3389 721 3467 vivunt,
738 3399 775 3453 ut
797 3390 859 3453 sibi
883 3390 1105 3456 thesaurizent
1127 3392 1189 3456 sibi
1213 3393 1301 3456 bona
1325 3388 1534 3455 ecclesiarum
1557 3385 1589 3448 in
1613 3402 1688 3466 per-

335 3505 481 3571 diciones
503 3509 695 3588 animamm,
712 3532 803 3574 more
823 3512 909 3576 illius
932 3513 1086 3596 episcopi,
1107 3513 1162 3595 qui
1182 3533 1285 3596 nuper
1305 3511 1403 3576 michi
1422 3507 1573 3590 cognitus
1595 3504 1686 3574 obiit

334 3626 461 3691 habens
482 3627 515 3690 in
534 3629 689 3694 thesauro
703 3641 780 3713 post
795 3643 936 3697 mortem
952 3645 1028 3698 octo
1048 3635 1137 3698 milia
1158 3653 1349 3709 marcarum,
1366 3631 1421 3715 qui
1441 3647 1609 3710 nunquam
1625 3624 1687 3688 suit

335 3746 369 3808 in
391 3768 450 3811 sua
475 3749 611 3814 ecclesia
634 3753 821 3834 episcopali,
845 3775 905 3818 nec
929 3754 961 3817 in
985 3755 1107 3818 diocesi
1134 3776 1192 3818 sua
1216 3765 1392 3837 postquam
1415 3753 1476 3816 suit
1504 3752 1685 3836 episcopus¹

336 3869 394 3930 sed
418 3869 503 3932 vixit
526 3869 710 3934 Londoniis
734 3873 767 3935 in
793 3874 903 3956 quiete
926 3877 1080 3958 corporis,
1104 3886 1235 3960 etpost
1261 3886 1401 3940 mortem
1423 3875 1567 3958 episcopi
1592 3875 1686 3958 quasi

335 3990 447 4053 omnia
467 3990 555 4053 bona
570 4013 630 4056 sua
650 3993 791 4075 spoliata
812 3995 942 4060 fuerunt
963 4017 1022 4079 per
1039 4018 1140 4061 unum
1163 3998 1379 4081 armigerum
1404 4005 1437 4061 et
1455 3996 1526 4078 jam
1548 3997 1622 4061 novi
1637 4003 1686 4077 4⁰¹

337 4131 475 4192 magnos
491 4112 663 4195 episcopos
682 4124 778 4178 extra
799 4137 910 4181 curam
926 4139 1020 4182 suam
1042 4131 1076 4184 et
1091 4120 1247 4184 diocesim
1264 4119 1357 4202 quasi
1378 4117 1411 4182 in
1427 4117 1540 4182 officiis
1555 4126 1685 4202 tempo·

336 4231 458 4296 ralibus
473 4243 660 4316 occupatos,
678 4245 711 4301 et
729 4236 813 4301 duos
832 4239 865 4302 in
887 4239 975 4304 curia
995 4241 1169 4325 temporali
1192 4241 1283 4323 quasi
1306 4241 1460 4306 continue
1483 4239 1684 4307 residentes:

982 4357 1001 4404 u
1017 4344 1038 4406 b
