4338 4936
714 427 813 481 LOCI
839 427 869 480 E
897 425 1023 481 LIBRO
1058 427 1314 484 VERITATUM.
1654 436 1692 504 13

339 643 464 707 domini
495 656 586 725 1455,
616 642 695 726 ipsis
725 643 886 726 promotis
915 642 948 704 in
977 641 1116 706 ecclesia
1147 641 1362 706 retinentibus
1391 643 1503 706 omnia
1533 642 1693 708 beneficia

339 764 448 846 priora
484 783 544 846 per
575 763 746 827 licenciam
781 783 885 846 papa,
919 771 954 826 et
986 763 1091 826 eciam
1126 763 1357 846 recipientibus
1391 783 1507 828 omnes
1538 764 1694 847 pecunias

340 885 543 967 episcopatui
573 893 664 948 certo
692 883 933 966 pertinentibus
956 879 1038 970 (sic),
1060 903 1127 947 non
1149 883 1303 948 obstante
1326 884 1415 966 quod
1442 905 1530 967 papa
1556 884 1694 948 mandat

339 1005 387 1068 eis
406 1025 466 1087 per
481 1013 533 1069 tot
553 1025 658 1069 annos
679 1004 712 1066 in
733 1005 924 1089 episcopum
946 1024 1011 1067 non
1035 1005 1215 1068 consecrari
1237 1015 1371 1088 propter
1385 1004 1553 1070 delectum
1573 1005 1694 1068 aetatis.

341 1125 381 1187 ln
403 1125 497 1188 annis
520 1124 666 1208 pluribus
689 1125 777 1188 enim
800 1124 938 1202 videtur,
954 1124 1044 1206 quod
1067 1125 1150 1190 sicut
1172 1146 1260 1208 papa
1284 1145 1349 1189 non
1372 1125 1555 1190 licenciavit
1578 1145 1634 1188 eos
1657 1135 1695 1188 ut

340 1265 401 1327 per
416 1246 562 1309 diversos
576 1265 682 1309 annos
698 1265 764 1307 non
785 1256 1055 1308 consecrarentur
1069 1245 1101 1307 in
1118 1247 1318 1329 episcopum,
1338 1246 1386 1310 sic
1405 1265 1470 1310 non
1490 1245 1694 1310 licenciasset

340 1385 398 1429 eos
426 1366 470 1429 ad
501 1365 723 1448 recipiendum
754 1365 910 1448 pecunias
940 1364 1026 1428 illius
1055 1366 1266 1450 episcopatus
1296 1387 1356 1430 nec
1386 1366 1429 1430 ad
1458 1365 1692 1430 conserendum

340 1485 500 1550 beneficia
523 1485 735 1550 collocationi
758 1485 903 1566 episcopi
926 1483 989 1549 loci
1013 1485 1099 1548 illius
1121 1485 1352 1568 pertinencia¹.

426 1615 460 1681 [p.
486 1613 553 1679 291]
589 1611 752 1668 Ecclesia.
791 1605 902 1669 Roma
927 1606 1015 1668 enim
1042 1606 1215 1688 singularis
1239 1617 1273 1671 et
1296 1607 1484 1690 principalis
1509 1606 1596 1670 lerus
1621 1627 1694 1669 vas·

340 1727 424 1790 tavit
453 1726 583 1789 vineam
621 1725 775 1802 ecclesiae,
805 1725 987 1789 elecciones
1018 1726 1249 1809 episcoporum
1282 1729 1344 1790 sibi
1378 1728 1457 1810 ipsis
1488 1727 1694 1804 reservando,

340 1857 377 1910 ut
402 1846 482 1910 nulli
509 1845 679 1910 conserant
705 1845 877 1909 ecclesiam
904 1845 1126 1928 episcopalem
1153 1847 1249 1912 alicui
1276 1847 1336 1910 nisi
1363 1849 1453 1930 prius
1479 1847 1608 1911 solvant
1635 1866 1695 1910 an·

341 1978 419 2031 nata
441 1988 498 2030 seu
522 1967 645 2049 primos
668 1965 816 2030 ecclesiae
838 1967 986 2030 vacantis
1009 1965 1132 2030 fructus
1156 1977 1189 2032 et
1213 1968 1370 2032 redditus.
1417 1967 1503 2030 Item
1527 1966 1695 2032 destruxit

339 2087 471 2150 vineam
497 2087 643 2150 ecclesiae
671 2087 744 2164 Dei,
769 2087 802 2148 in
828 2085 983 2167 pluribus,
1012 2087 1193 2152 elecciones
1223 2089 1372 2152 omnium
1400 2088 1629 2170 episcoporum
1661 2087 1694 2150 in

339 2206 467 2289 Anglia
481 2207 653 2271 cassando.
701 2207 787 2270 Item
803 2206 943 2271 destruit
959 2207 1130 2272 ecclesiam
1148 2207 1253 2272 malos
1269 2209 1495 2290 promovendo
1509 2207 1691 2272 secundum

340 2328 430 2410 quod
454 2348 514 2390 rex
536 2336 570 2391 et
593 2328 663 2410 ipse
681 2327 901 2391 consentiunt.
947 2329 1033 2391 Item
1055 2329 1166 2392 Roma
1186 2336 1224 2393 ut
1242 2328 1329 2392 serus
1344 2329 1485 2392 vastavit
1505 2327 1538 2391 in
1558 2326 1622 2391 hoc
1641 2347 1694 2391 ec·

340 2447 455 2511 clesias
481 2449 572 2530 quod
598 2468 713 2512 omnes
741 2447 921 2512 elecciones
952 2449 1181 2531 episcoporum
1212 2450 1245 2512 in
1276 2448 1420 2513 ecclesiis
1446 2447 1694 2513 cathedralibus

341 2567 446 2632 lactas
478 2569 628 2644 cassavit,
664 2569 842 2632 statuendo
878 2569 967 2651 quod
998 2570 1110 2633 omnia
1144 2569 1325 2634 elecciones
1358 2570 1587 2652 episcoporum
1621 2588 1694 2652 per·

341 2689 470 2752 tineant
492 2709 631 2752 camerae
653 2689 853 2772 apostolicae,
878 2689 936 2754 i.e.
959 2689 1113 2754 eleccioni
1136 2711 1232 2773 papae
1256 2700 1291 2753 et
1313 2707 1444 2753 suorum
1468 2687 1693 2753 cardinalium.

343 2808 430 2872 Item
456 2809 547 2891 quod
574 2810 684 2873 Roma
715 2829 781 2872 non
808 2817 906 2873 vocat
931 2809 1076 2892 aliquem
1103 2810 1294 2893 episcopum
1321 2809 1382 2872 nisi
1412 2829 1511 2891 quem
1542 2829 1631 2892 papa
1661 2817 1696 2872 et

338 2929 523 2993 cardinales
560 2929 685 3011 eligunt
723 2929 756 2992 in
794 2931 985 3014 episcopum
1020 2929 1072 2994 vel
1111 2931 1143 2993 in
1181 2929 1464 3013 archiepiscopum
1502 2927 1695 3012 praehabitis

341 3060 375 3113 et
401 3049 517 3113 solutis
543 3050 661 3113 Romae
685 3051 774 3132 prius
798 3050 956 3115 fructibus
979 3050 1123 3114 millibus
1147 3050 1363 3125 marcharum,
1387 3061 1421 3114 et
1446 3050 1550 3114 eciam
1578 3049 1696 3112 solutis

341 3170 463 3252 primis,
486 3170 542 3234 i.e.
567 3169 663 3233 donis
685 3173 727 3234 ad
752 3181 941 3235 curtesanos
964 3172 1134 3235 Romanos
1156 3192 1213 3234 seu
1237 3171 1381 3254 papales.

429 3299 462 3365 [p.
480 3297 549 3364 311]
585 3296 785 3366 Episcopus.
822 3291 950 3355 Notum
974 3291 1113 3374 estjam
1136 3291 1169 3354 in
1193 3311 1293 3374 regno
1319 3290 1452 3373 Angliae
1477 3289 1567 3373 quod
1594 3287 1695 3372 pueri,

339 3409 485 3491 juvenes,
509 3421 543 3474 ct
565 3411 597 3473 in
623 3411 721 3474 curiis
746 3413 986 3476 mundanorum
1011 3422 1181 3476 manentes
1204 3421 1372 3495 ponuntur
1392 3411 1462 3494 jam
1489 3411 1521 3472 in
1549 3407 1694 3474 ecclesiis

343 3540 376 3594 et
400 3531 433 3594 in
460 3530 589 3612 magnis
612 3531 727 3594 officiis
754 3540 788 3595 et
814 3532 982 3614 praelaciis‚
1002 3533 1196 3616 postpositis
1218 3531 1290 3594 aliis
1313 3531 1368 3613 qui
1393 3532 1449 3594 diu
1473 3529 1506 3592 in
1529 3528 1639 3592 studio
1661 3536 1696 3591 et

343 3650 375 3712 in
402 3650 636 3733 praedicatione
666 3661 700 3715 et
731 3652 764 3713 in
789 3652 947 3734 regimine
972 3652 1095 3736 populi,
1118 3653 1188 3716 sine
1220 3651 1310 3715 lucro
1336 3650 1515 3723 mundan0,
1540 3647 1694 3730 occupati

343 3769 484 3833 luerunt.
531 3771 617 3835 Novi
634 3772 721 3835 enim
742 3793 843 3836 unum
860 3773 1101 3838 Cancellarium
1119 3771 1352 3837 Universitatis
1367 3769 1466 3834 studii
1483 3767 1693 3846 Oxoniensis‚

341 3891 398 3973 qui
422 3890 553 3974 publica
575 3891 662 3955 lama
684 3893 791 3956 bonus
818 3905 926 3958 rector
949 3893 1181 3958 Universitatis
1205 3901 1238 3956 et
1263 3889 1485 3956 cancellarius
1506 3889 1694 3966 vocabatur,

342 4021 377 4074 et
397 4011 449 4073 bis
463 4010 524 4076 luit
546 4011 668 4075 ibidem
691 4011 815 4077 electus
834 4014 866 4076 in
889 4013 969 4077 illud
986 4014 1139 4088 officium,
1157 4023 1190 4077 et
1207 4011 1382 4094 resignavit
1397 4010 1532 4074 tandem
1550 4007 1692 4072 officium

343 4139 458 4196 contra
480 4131 684 4196 voluntatem
708 4133 793 4196 villae
821 4143 854 4198 et
878 4134 1119 4212 UniucrsitatiS,
1142 4143 1176 4197 ct
1199 4153 1258 4216 per
1280 4132 1326 4196 xii
1353 4151 1458 4195 annos
1487 4137 1586 4193 antea
1610 4127 1695 4192 rexit

819 4269 826 4298 ¹
845 4269 971 4333 Repented
985 4269 1114 4327 verbatim,
1127 4285 1151 4334 p.
1165 4281 1218 4332 259.
