4338 4936
715 412 814 468 LOCI
840 413 870 468 E
898 413 1022 468 LIBRO
1058 413 1315 471 VERITATUM.
1653 420 1693 487 29

369 633 372 640 '
429 622 659 690 Tercia’causa
674 627 808 692 haeresis
824 628 893 706 luit,
910 629 986 712 quia
1001 629 1112 713 plures
1127 630 1277 693 videntes
1292 627 1402 711 plures
1418 646 1562 691 asserere
1582 646 1693 704 unum,

338 754 376 808 et
395 765 491 827 aeque
511 745 621 828 plures
636 746 788 812 homines
803 771 948 813 asserere
965 750 1174 828 contrarium,
1191 769 1255 812 non
1271 747 1451 814 credebant
1465 767 1543 810 vero
1557 755 1695 830 propter

340 865 564 930 diversitatem
595 868 787 949 opinionum
819 879 852 933 et
883 871 1046 934 contraria
1075 869 1267 947 dicencium,
1294 878 1328 934 et
1357 869 1404 932 sic
1434 888 1500 931 non
1532 877 1692 958 noverunt

344 1006 403 1050 nec
430 987 639 1052 crediderunt
664 1010 778 1052 verum
805 1011 866 1054 nec
889 1011 989 1073 opere
1013 991 1251 1072 impleverunt3
1283 999 1318 1054 et
1343 989 1389 1051 sic
1412 1008 1527 1052 vocem
1549 987 1692 1069 proximi

341 1107 390 1168 sui
415 1109 448 1170 in
471 1107 611 1172 aedificio
634 1111 731 1173 turris
754 1111 923 1175 Babilonis
947 1111 1056 1174 nullus
1079 1109 1252 1184 intellexit,
1275 1111 1335 1172 ie.
1350 1129 1463 1172 verum
1487 1107 1691 1172 intellectum

343 1247 409 1291 non
436 1228 558 1311 recepit
581 1239 716 1312 propter
739 1231 964 1295 confusionem
992 1251 1137 1296 errorum
1159 1243 1194 1296 et
1218 1230 1409 1313 opinionum
1436 1228 1691 1294 contrariarum:

340 1359 377 1412 et
406 1346 478 1412 haec
509 1357 543 1431 3⁸
571 1370 671 1414 causa
700 1350 834 1416 haeresis
863 1363 957 1435 patet
983 1373 1040 1434 per
1069 1363 1220 1416 sanctum
1248 1361 1282 1414 et
1305 1348 1527 1414 venerabilem
1555 1349 1692 1426 Bedam,

338 1469 511 1532 doctorem
542 1479 577 1534 et
611 1471 810 1535 monachum
844 1473 1041 1556 Anglmnm,
1073 1492 1175 1555 super
1204 1471 1359 1535 Genesim
1392 1469 1496 1533 Accae
1526 1469 1690 1551 episcopo,

341 1589 489 1670 capitulo
516 1590 577 1669 xi;
608 1590 752 1656 haeretici
783 1595 871 1657 enim
900 1595 975 1675 vagi
1005 1604 1124 1672 errant,
1148 1612 1235 1656 nunc
1264 1591 1308 1655 ad
1338 1590 1399 1654 has
1430 1610 1516 1653 nunc
1546 1590 1588 1652 ad
1620 1589 1692 1652 illas

340 1710 525 1774 sentencias
555 1719 781 1790 transeuntes,'
800 1734 867 1776 non
899 1714 988 1778 enim
1020 1715 1067 1777 eis
1099 1712 1208 1796 placet
1238 1712 1327 1794 quod
1358 1710 1459 1774 semel
1491 1719 1692 1792 receperunt,

341 1831 399 1894 sed
435 1853 566 1915 semper
595 1841 708 1896 vetera
742 1844 872 1898 mutant
906 1836 1008 1913 novis,
1043 1844 1078 1898 et
1113 1833 1319 1898 ethnicorum
1358 1832 1529 1896 imitantur
1558 1851 1692 1894 errores.

343 1951 427 2016 Haec
454 1963 587 2016 sanctus
610 1953 798 2034 Jeronimus
819 1975 919 2038 super
941 1956 1040 2022 Oseae
1063 1956 1273 2039 prophetiam
1297 1954 1442 2038 capitulo
1466 1955 1536 2032 ix⁰;
1563 1964 1597 2017 et
1620 1973 1692 2035 ego,

340 2071 458 2136 doctor
491 2082 526 2136 et
559 2073 772 2138 cancellarius
803 2075 955 2156 Oxoniae,
988 2079 1064 2141 novi
1094 2077 1185 2159 quod
1216 2076 1278 2139 iste
1308 2075 1486 2158 praedictus
1519 2075 1692 2156 episcopus

334 2189 547 2274 -Reginaldus
569 2213 627 2276 per
649 2195 758 2276 plures
772 2217 876 2261 annos
890 2197 1019 2261 solebat
1034 2197 1129 2281 plura
1144 2197 1293 2275 scribere,
1309 2207 1342 2260 et
1364 2216 1495 2279 semper
1513 2204 1690 2278 postquam

339 2313 461 2396 scripta
495 2323 597 2392 erant,
631 2317 762 2398 propria
795 2339 853 2380 sua
887 2337 987 2381 manu
1024 2317 1217 2382 cancellavit
1246 2317 1367 2396 omnia,
1399 2317 1512 2380 dicens
1545 2316 1690 2398 seipsum

341 2435 498 2516 reperisse
527 2437 617 2518 quod
647 2436 729 2501 salsa
759 2448 793 2502 et
828 2439 941 2521 inepta
973 2440 1062 2522 prius
1097 2439 1279 2521 scripserat,
1308 2447 1343 2502 et
1373 2439 1420 2504 sic
1452 2438 1627 2502 scribendo
1657 2447 1692 2502 et

334 2556 445 2618 eciam
468 2556 501 2618 in
524 2558 728 2623 consiliando
750 2561 931 2643 saepissime
955 2560 1119 2626 revocavit
1142 2569 1178 2624 ut
1201 2558 1291 2638 salsa,
1309 2580 1385 2644 quae
1406 2560 1497 2642 prius
1516 2559 1690 2623 scribendo

339 2686 374 2740 et
389 2677 529 2741 dicendo
544 2681 684 2744 asseruit
702 2701 772 2744 esse
787 2701 872 2759 vera,
895 2691 930 2745 et
951 2682 997 2745 sic
1018 2691 1158 2764 apparet
1180 2680 1368 2745 Salomonis
1388 2680 1523 2772 dictum,
1539 2679 1691 2745 ‘Stultus

338 2804 378 2858 ut
399 2794 478 2859 luna
500 2799 685 2877 mutatur3’
707 2808 742 2863 et
766 2801 814 2864 sic
838 2800 929 2863 omni
952 2810 1054 2864 vento
1076 2799 1302 2864 circumfertur
1323 2808 1357 2862 et
1380 2808 1531 2862 movetur
1554 2807 1588 2862 et
1612 2799 1690 2864 doc·

340 2915 433 2979 trinis
464 2917 571 2980 variis
597 2917 781 2983 abducitur.
820 2919 917 3000 'iste
954 2919 1160 3002 Reginaldus
1198 2919 1385 3002 Episcopus
1421 2917 1619 2982 Assavensis
1656 2919 1689 2982 in

340 3036 461 3100 Wallia
482 3039 579 3102 valde
602 3038 664 3103 luit
687 3040 866 3123 dispositus
885 3042 929 3104 ad
950 3040 1078 3124 lepram
1100 3041 1245 3124 corporis
1267 3052 1301 3104 et
1324 3039 1434 3122 plures
1456 3040 1498 3103 de
1520 3040 1690 3122 parentela

340 3179 400 3222 sua
426 3159 554 3224 suerunt
584 3181 720 3242 corpore
753 3161 900 3243 leprosi3
941 3162 1046 3226 eciam
1081 3163 1143 3226 iste
1182 3163 1354 3246 episcopus
1383 3160 1445 3226 luit
1475 3160 1622 3243 leprosus
1655 3161 1688 3224 in

341 3289 461 3357 mente,
496 3281 555 3344 ie·
588 3281 762 3346 haereticus
796 3282 886 3346 lama
921 3283 1064 3366 plurium
1093 3283 1166 3348 luit.
1225 3284 1343 3366 Nuper
1372 3303 1463 3346 unus
1492 3283 1584 3363 quasi
1619 3281 1689 3346 xx²¹

340 3420 503 3464 annorum
523 3403 658 3466 scolaris
681 3405 714 3466 in
735 3405 953 3487 grammatica
976 3403 1129 3479 Oxoniae‚
1153 3405 1209 3487 qui
1234 3405 1382 3468 existens
1403 3403 1436 3466 in
1458 3402 1573 3466 habitu
1596 3423 1688 3466 secu·

339 3519 400 3583 lari
422 3532 595 3587 accusatus
619 3524 681 3587 luit
706 3525 773 3608 regi
796 3524 933 3608 Anglire
958 3525 1102 3590 Henrico
1127 3535 1225 3590 sexto
1249 3527 1292 3589 de
1320 3525 1456 3588 diversis
1480 3534 1514 3588 et
1539 3523 1690 3608 pessimis

334 3635 519 3704 shaeresibus
548 3649 582 3704 et
613 3642 701 3724 quod
733 3642 928 3705 comedebat
960 3661 1074 3706 carnes
1107 3643 1198 3704 omni
1231 3641 1310 3704 seria
1347 3649 1453 3718 sexta,
1484 3649 1517 3703 et
1546 3640 1689 3703 traditus

340 3759 494 3841 episcopo
524 3760 747 3826 Lincolniensi
780 3762 915 3825 domino
949 3761 1118 3826 Willelmo
1151 3761 1346 3845 Alnewyke,
1378 3761 1596 3826 incarceratus
1628 3760 1689 3824 luit

340 3879 373 3940 in
403 3879 649 3964 Wallyngiorth
684 3892 718 3946 et
748 3903 858 3946 coram
893 3881 1049 3965 episcopo
1083 3881 1252 3965 abjuratus
1285 3881 1391 3946 sactus
1423 3891 1475 3945 est
1509 3880 1689 3945 monachus

339 3999 549 4077 Abendonae,
566 4012 600 4066 et
621 4002 666 4065 ibi
690 4003 856 4067 consessus
879 4012 930 4066 est
949 4003 1123 4066 manifeste
1139 4023 1249 4066 coram
1268 4002 1390 4065 abbate
1405 4000 1574 4064 Willelmo
1596 4002 1686 4084 quod

339 4140 454 4184 omnes
486 4121 628 4185 haereses
660 4144 738 4186 suas
777 4133 811 4187 et
844 4143 968 4186 errores
1003 4124 1126 4205 recepit
1162 4134 1195 4186 et
1230 4122 1345 4187 didicit
1374 4121 1418 4185 ab
1450 4143 1507 4185 ore
1539 4122 1687 4203 praedicti

339 4237 516 4323 Reginaldi
542 4243 686 4328 episcopi
713 4253 747 4308 et
772 4265 792 4308 a
819 4243 909 4308 nullo
932 4242 1006 4321 alio,
1029 4253 1063 4307 et
1095 4243 1166 4307 haec
1193 4265 1263 4306 esse
1290 4264 1365 4306 vera
1393 4263 1503 4306 coram
1530 4242 1689 4326 praedicto
