4338 4936
477 381 522 439 40
855 369 954 424 LOCI
979 370 1009 423 E
1037 369 1161 422 LIBRO
1198 369 1456 422 VERJTATUM.

477 581 585 666 ipsum
609 603 720 666 regem
747 583 930 648 Henricum
955 583 1099 648 Sextum
1118 583 1281 646 ¹solebant
1305 603 1398 664 reges
1420 581 1555 666 Angliae
1581 596 1727 668 maturos
1753 587 1833 652 doc-

476 713 565 767 tores
580 703 766 787 theologiae,
778 715 899 768 exutos
914 726 935 768 a
951 725 1029 768 cura
1044 703 1118 782 alia,
1135 703 1255 784 eligere
1271 703 1304 765 in
1322 724 1400 766 suos
1413 702 1624 781 consessores,
1637 717 1671 770 et
1687 707 1832 791 episcopi

477 845 545 887 suae
584 845 669 888 curae
707 835 786 888 tunc
823 825 997 900 vacabant,
1027 826 1084 888 sed
1124 825 1157 887 in
1195 835 1345 907 tempore
1380 824 1516 887 Henrici
1548 824 1644 890 Sexti
1676 826 1832 908 Stafsord,

476 945 650 1027 episcopus
681 945 878 1023 Cantuariae,
909 957 943 1009 et
973 945 1148 1009 bastardus
1178 946 1313 1026 origine,
1343 943 1405 1007 fuit
1437 944 1663 1010 Cancellarius
1686 947 1831 1031 Angliae,

474 1063 592 1129 Adam
630 1066 761 1129 Molens
799 1067 972 1148 episcopus
1012 1064 1226 1129 Cicestrensis
1265 1065 1327 1130 luit
1360 1075 1472 1130 custos
1507 1067 1625 1148 privati
1663 1068 1760 1150 sigilli
1799 1080 1832 1133 et

474 1185 601 1249 occisus
627 1185 687 1249 luit
701 1208 725 1266 ;.
742 1186 914 1269 episcopus
940 1185 1159 1250 Norwicensis
1184 1184 1350 1258 Walterus
1378 1185 1492 1268 Lyard
1516 1187 1559 1250 de
1581 1187 1748 1255 Cornubia
1770 1189 1836 1254 fuit,

475 1305 643 1370 conlessor
663 1307 783 1389 reginae
805 1307 949 1370 residens
973 1307 1005 1370 in
1029 1308 1126 1385 curia,
1149 1317 1183 1370 et
1209 1306 1383 1400 episcopus
1411 1305 1633 1371 Carlionensis
1655 1320 1688 1373 et
1715 1321 1831 1392 postea

475 1425 715 1491 Lincolniensis
737 1427 973 1492 Marmaducus
998 1426 1106 1490 Lunle
1131 1426 1191 1491 suit
1214 1426 1435 1490 thesaurarius
1456 1427 1600 1510 Angliae,
1623 1430 1831 1512 etindignus

476 1549 649 1631 episcopus
671 1547 817 1626 cestria,
842 1548 931 1612 Buth
958 1549 1100 1624 nomine,
1123 1546 1184 1611 suit
1208 1558 1288 1611 tunc
1316 1546 1528 1611 cancellarius
1551 1549 1673 1631 reginae
1697 1551 1830 1632 Marga-

475 1679 553 1732 retae
577 1668 722 1751 Angliae.

562 1798 683 1866 [μω]
729 1787 952 1852 Consimiliter
977 1789 1049 1870 jam
1075 1789 1178 1853 Anno
1209 1787 1345 1851 Domini
1374 1799 1456 1867 1450
1486 1801 1626 1871 possunt
1658 1791 1767 1855 dicere
1797 1793 1830 1856 in

474 1907 600 1992 Anglia
615 1910 738 1974 subditi
754 1912 824 1973 suis
836 1910 1000 1991 capitibus
1015 1910 1170 1973 diversis:
1194 1914 1201 1940 ‘
1215 1908 1392 1984 Erubesce,
1411 1907 1441 1972 O
1458 1911 1630 1992 episcope!
1657 1910 1688 1974 O
1706 1913 1828 1976 rector!

476 2027 645 2113 Ojudexl
676 2030 753 2112 quia
775 2030 802 2094 si
824 2031 979 2093 intrasses
997 2051 1057 2112 per
1076 2029 1187 2092 Deum
1212 2030 1244 2091 in
1268 2049 1380 2092 curam
1403 2038 1496 2092 tuam
1517 2038 1551 2092 et
1571 2029 1715 2094 officium
1728 2042 1829 2096 'tuum

473 2151 586 2214 debite
608 2151 751 2227 fecisses,
775 2149 846 2215 haec
871 2150 959 2215 mala
983 2171 1049 2214 non
1076 2148 1213 2214 luissent
1239 2148 1293 2213 hic
1313 2148 1400 2212 facta
1427 2149 1458 2210 in
1489 2158 1547 2213 tuo
1578 2150 1712 2233 populo,
1738 2163 1771 2215 et
1801 2154 1828 2216 si

474 2270 589 2334 luisses
607 2273 659 2335 hic
679 2272 712 2334 in
733 2281 789 2336 tua
809 2292 886 2335 cura
910 2281 944 2334 et
965 2271 1073 2334 officio
1095 2271 1217 2347 debite,
1233 2269 1333 2332 frater
1353 2280 1429 2332 tuus
1451 2290 1516 2333 non
1538 2269 1652 2334 luisset
1673 2283 1829 2351 mortuus,

474 2391 529 2454 i.e.
552 2390 669 2455 iratres
695 2392 743 2455 tui
770 2401 820 2456 tot
848 2400 881 2454 et
907 2390 991 2455 tanti
1015 2411 1081 2454 non
1105 2390 1243 2453 fuissent
1267 2389 1313 2452 sic
1339 2390 1460 2454 mortui
1487 2391 1519 2452 in
1542 2391 1719 2472 peccatisl’
1751 2392 1829 2473 Jam

474 2513 564 2574 enim
597 2512 674 2576 sinit
706 2508 827 2597 (Deus)
856 2511 1035 2575 occisiones
1067 2512 1296 2593 episcoporum
1331 2519 1365 2574 et
1394 2510 1611 2586 sacerdotum,
1643 2520 1677 2576 et
1707 2513 1830 2595 spolia-

474 2633 603 2697 cionem
620 2633 783 2696 bonorum
804 2632 848 2696 ab
862 2631 926 2695 hiis
946 2632 1003 2714 qui
1023 2632 1142 2696 divites
1161 2632 1381 2704 nominantur,
1399 2639 1432 2693 et
1449 2629 1596 2694 delectus
1617 2633 1830 2698 correccionis

473 2764 610 2836 propter
639 2753 855 2836 cupiditatem
883 2752 1031 2835 judicum
1062 2762 1096 2815 et
1126 2751 1364 2824 crudelitatem,
1396 2761 1430 2815 et
1459 2751 1523 2815 ista
1553 2761 1587 2821 et
1616 2752 1710 2834 plura
1741 2755 1830 2819 mala

473 2874 714 2938 inundaverunt
749 2873 782 2936 in
811 2872 939 2954 Anglia
969 2894 1013 2936 ex
1047 2893 1114 2955 quo
1150 2873 1295 2956 episcopi
1324 2870 1460 2954 Angliae
1494 2871 1643 2936 faverunt
1673 2873 1829 2960 episcopo

473 2993 665 3073 Assavensi,
682 3005 799 3078 postea
824 2993 1029 3071 Cicestrensi,
1052 2992 1240 3074 Reginaldo
1260 2991 1377 3071 Pecok,
1393 2991 1543 3072 Wallico,
1565 2993 1620 3075 qui
1644 2993 1828 3058 Londoniae

473 3116 667 3198 praedicavit
692 3114 824 3198 puplice
851 3125 884 3178 et
914 3114 1036 3197 pluries
1062 3114 1210 3189 asseruit,
1239 3123 1272 3177 et
1303 3113 1439 3195 scripsit,
1471 3114 1559 3195 quod
1587 3115 1731 3197 episcopi
1761 3136 1828 3179 non

473 3247 629 3301 tenentur
650 3237 830 3320 praedicare
851 3234 976 3318 populo
998 3235 1032 3298 in
1048 3234 1111 3298 hoc
1133 3235 1223 3317 quod
1244 3235 1390 3316 episcopi
1411 3245 1497 3313 sunt,
1513 3244 1547 3297 et
1569 3237 1659 3317 quod
1683 3236 1827 3320 episcopi

473 3368 549 3421 sunt
581 3358 673 3422 exuti
703 3378 723 3420 a
750 3375 827 3420 cura
853 3355 909 3419 illa
939 3366 973 3419 et
1001 3377 1022 3420 a
1052 3375 1129 3420 cura
1159 3357 1352 3433 animarum,
1380 3355 1412 3417 in
1443 3355 1505 3419 hoc
1531 3357 1621 3437 quod
1651 3357 1827 3422 instituunt

472 3479 555 3544 alios
581 3487 720 3555 curatos,
748 3485 782 3540 et
808 3477 897 3558 quod
927 3476 1055 3558 antiqui
1086 3476 1232 3558 episcopi
1263 3475 1489 3558 praedicabant
1513 3477 1651 3558 antiquo
1678 3487 1828 3559 tempore

473 3621 513 3664 eo
529 3600 619 3683 quod
634 3599 766 3663 suerunt
784 3598 938 3680 episcopi,
955 3598 975 3660 i.
992 3619 1020 3661 e.
1044 3597 1147 3661 curati
1168 3597 1360 3675 immediati,
1381 3595 1449 3660 sive
1472 3605 1622 3674 rectores,
1638 3596 1690 3660 vel
1713 3598 1825 3672 curati,

472 3732 506 3786 et
527 3721 687 3784 concessit
709 3717 892 3782 Londoniis
911 3717 1001 3801 quod
1024 3719 1198 3801 episcopus
1220 3737 1286 3780 non
1308 3727 1419 3800 potest
1437 3717 1615 3800 praedicare
1637 3717 1670 3780 in
1691 3717 1827 3788 ecclesia

471 3841 650 3924 parochiali
674 3861 743 3903 suae
763 3839 910 3917 diocesis,
932 3840 1003 3902 sine
1028 3839 1164 3903 licencia
1186 3837 1330 3913 rectoris,
1351 3837 1403 3901 vel
1425 3838 1535 3902 vicarii
1559 3837 1644 3900 illius
1669 3837 1826 3908 ecclesiae.

474 3961 550 4025 Hoc
578 3961 739 4025 concessit
766 3961 821 4024 ille
854 3960 1027 4043 episcopus
1058 3960 1185 4023 doctori
1213 3958 1417 4042 Millyngton
1448 3960 1490 4023 de
1520 3957 1743 4040 cantabrigia,
1769 3959 1826 4042 qui

471 4081 532 4145 luit
555 4083 671 4145 doctor
691 4101 794 4146 sacrae
817 4081 993 4162 theologiae
1015 4081 1058 4144 de
1084 4081 1244 4144 comitatu
1268 4079 1420 4158 Eboraci,
1445 4081 1576 4163 egregie
1603 4080 1826 4152 determinans

471 4212 583 4268 contra
610 4203 801 4285 episcopum
830 4203 1034 4285 praedictum.
1081 4201 1266 4284 Episcopus
1290 4201 1369 4266 dicit
1393 4202 1526 4283 quando
1548 4200 1697 4266 admittit
1720 4219 1825 4263 sacer-
