4378 4936
467 387 526 450 118
842 397 942 454 LOCI
967 399 997 452 E
1025 399 1151 452 LIBRO
1187 397 1446 456 VERITATUM.

464 621 524 689 est,
543 620 724 695 antequam
747 621 946 689 nasceretur,
969 632 1036 675 non
1057 610 1138 676 fuit!
1183 611 1268 676 Inde
1291 611 1495 691 Manicheus‚
1514 621 1551 677 ut
1573 613 1684 678 Deum
1697 633 1725 683 a
1744 632 1823 676 con-

464 732 594 797 dicione
619 733 783 796 malorum
807 731 934 810 liberet,
955 731 1098 797 alterum
1122 731 1202 795 mali
1226 732 1353 796 inducit
1375 741 1557 799 auctorem.
1602 733 1686 798 Inde
1709 733 1823 796 Nova·

464 863 519 918 tus
533 853 698 918 subtrahit
717 853 850 918 veniam
871 861 907 916 ut
927 852 1025 917 tollat
1045 852 1289 936 poenitenciam,
1304 862 1339 918 et
1354 854 1397 939 de
1418 853 1483 917 illis
1503 853 1651 918 fontibus
1671 854 1823 919 universa

464 976 624 1056 dogmata
638 982 800 1056 tanquam
818 974 1146 1057 argumentacionunr
1163 994 1297 1039 suarum
1318 975 1439 1039 rivulos
1453 974 1597 1054 trahunt,
1613 976 1633 1038 i.
1645 995 1672 1039 e.
1688 996 1709 1039 a
1726 974 1823 1039 dictis

460 1095 596 1168 illorum
617 1093 891 1180 philosophorum
911 1103 1071 1177 tanquam
1091 1115 1111 1158 a
1129 1095 1197 1160 suis
1217 1095 1386 1178 principiis
1405 1097 1580 1176 affirmant,
1599 1105 1633 1160 et
1653 1095 1823 1160 deducunt

464 1236 541 1280 suas
557 1213 795 1281 conclusiones.
841 1214 925 1279 Haec
939 1215 1140 1296 Jeronimus.

553 1345 592 1414 [p.
616 1344 686 1412 ⁵7⁶]
729 1342 973 1410 Indulgenoiae.
1022 1335 1187 1400 Homines
1212 1338 1362 1403 moderni
1383 1339 1507 1416 dicunt,
1528 1339 1629 1404 ‘Non
1654 1348 1706 1403 est
1727 1337 1823 1401 nobis
1850 1393 1851 1404 .

465 1478 544 1524 cura
566 1457 609 1520 de
630 1457 743 1540 aliquo
768 1466 915 1540 peccato,
937 1457 1006 1532 sed,
1030 1457 1057 1520 si
1084 1456 1174 1534 libet,
1197 1458 1335 1523 facimus
1356 1461 1424 1524 acsi
1450 1460 1581 1538 liceret;
1614 1458 1824 1542 peccavimus

465 1587 501 1654 et
523 1577 623 1642 nichil
645 1576 740 1641 nobis
761 1577 902 1656 accidit3
930 1587 964 1642 et
986 1577 1013 1640 si
1035 1579 1288 1661 peccaverimus,
1311 1600 1379 1643 non
1400 1573 1600 1659 timebimus
1620 1580 1698 1662 quia
1718 1597 1823 1662 prope

466 1707 518 1770 est
539 1718 679 1781 regnum
701 1697 775 1773 Dei,
797 1706 832 1761 et
855 1697 898 1772 ad
925 1695 1072 1766 hostium
1098 1707 1248 1768 nostrum
1271 1709 1323 1764 est
1348 1701 1478 1780 Roma;
1509 1700 1587 1783 quia
1610 1699 1767 1764 facillime
1789 1706 1824 1762 et

465 1819 623 1894 citissime
644 1817 840 1884 habebimus
859 1817 990 1894 veniam
1011 1818 1126 1902 culpae,
1142 1829 1177 1888 et
1199 1819 1308 1888 omnis
1330 1841 1448 1903 poenae,
1463 1820 1490 1888 si
1511 1822 1628 1885 demus
1648 1819 1823 1902 pecuniam

465 1939 509 2008 ab
526 1938 716 2016 habendam
732 1937 978 2022 indulgenciam
998 1939 1153 2022 papalem
1164 1937 1187 2006 ι’
1214 1950 1249 2007 ct
1263 1942 1311 2005 sic
1326 1943 1486 2006 omittunt
1504 1950 1598 2006 actus
1615 1961 1702 2004 verae
1717 1940 1824 2022 poeni-

465 2060 593 2138 tenciae,
610 2067 644 2124 et
665 2069 759 2124 actus
781 2058 904 2123 debitae
923 2059 1074 2142 justiciae,
1089 2081 1173 2143 quos
1195 2069 1351 2126 tenentur
1372 2061 1488 2140 lacere,
1506 2062 1657 2144 quamvis
1681 2060 1824 2126 Sanctus

466 2181 584 2256 Petrus
605 2180 693 2256 dixit
715 2179 865 2244 Actuum
888 2179 938 2262 iij⁰
964 2179 1119 2263 capitulo,
1148 2180 1377 2246 ‘Poenitemini
1402 2181 1502 2264 igitur
1523 2190 1559 2246 et
1584 2179 1823 2258 convertimini,

465 2322 510 2366 sc.
531 2301 575 2366 ad
595 2321 696 2384 opera
716 2301 831 2365 debita
849 2300 999 2387 justiciae,
1023 2309 1060 2364 ut
1080 2300 1252 2377 deleantur
1274 2311 1384 2376 vestra
1403 2299 1561 2385 peccata!
1585 2351 1593 2368 .
1613 2349 1621 2366 .
1645 2350 1653 2366 .
1677 2349 1686 2365 .
1709 2300 1823 2364 Plures

466 2422 555 2504 enirn
577 2431 656 2494 sunt
681 2419 823 2485 absoluti
848 2421 1004 2496 vocaliter
1025 2443 1046 2485 a
1067 2422 1241 2498 sacerdote
1267 2423 1300 2485 in
1326 2423 1430 2502 terris,
1452 2431 1486 2486 et
1512 2422 1546 2495 in
1571 2422 1642 2486 foro
1671 2421 1742 2498 soli,
1766 2421 1822 2504 qui

466 2562 533 2607 non
557 2551 635 2606 sunt
659 2540 803 2626 absoluti
825 2562 847 2606 a
869 2542 944 2606 Deo
968 2543 1002 2608 in
1024 2542 1095 2606 loro
1117 2542 1195 2626 poli,
1217 2552 1252 2607 et
1274 2543 1368 2626 plura
1394 2551 1553 2626 putantur
1576 2564 1650 2614 esse
1671 2542 1763 2625 justa
1788 2543 1823 2608 in

466 2662 539 2726 loro
560 2661 631 2740 soli,
648 2663 705 2745 qui
727 2672 806 2726 sunt
827 2662 949 2745 lnjusta
971 2663 1004 2726 in
1027 2663 1098 2727 soro
1119 2663 1196 2746 poli,
1215 2673 1253 2728 ut
1275 2672 1417 2728 testatur
1438 2663 1582 2729 Sanctus
1602 2662 1823 2746 Augustinus.

467 2830 476 2846 .
499 2831 533 2848 ..
558 2831 566 2847 .
588 2782 665 2864 jam
688 2783 776 2862 enim
799 2784 1009 2867 episcopatus
1031 2793 1170 2867 pereunt
1193 2794 1227 2848 et
1250 2803 1328 2848 cura
1350 2784 1543 2862 animarum,
1562 2785 1640 2867 quia
1662 2784 1822 2848 habentes

467 2923 589 2986 magna
608 2903 716 2988 officia
737 2913 770 2967 et
790 2905 895 2984 eciam
918 2905 1058 2969 abbates
1078 2914 1112 2968 et
1134 2904 1276 2988 religiosi
1300 2914 1436 2978 manent
1458 2905 1491 2968 in
1515 2906 1611 2969 curiis
1635 2905 1823 2987 temporali-

466 3024 538 3102 bus,
556 3024 589 3087 in
608 3023 722 3088 officiis
740 3025 988 3107 temporalibus,
1006 3035 1041 3090 et
1063 3027 1097 3088 in
1119 3025 1270 3107 coquinis
1290 3025 1499 3094 dominorum
1522 3027 1772 3100 mundanorum,
1789 3034 1823 3091 et

467 3146 501 3228 in
527 3146 642 3210 officiis
668 3147 860 3210 eorundem.
904 3146 1076 3210 Tenentur
1101 3147 1190 3210 enim
1216 3145 1309 3224 tales,
1331 3146 1393 3210 sub
1420 3166 1521 3229 poena
1546 3155 1679 3210 aeternae
1705 3147 1822 3228 damp-

467 3266 622 3346 nacionis,
637 3266 803 3349 resignare
822 3267 931 3331 officia
950 3266 1097 3332 ecclesiae
1116 3278 1150 3332 et
1171 3287 1283 3331 curarn
1304 3267 1488 3342 animarum
1507 3267 1585 3350 quia
1605 3287 1664 3338 nec
1684 3275 1824 3350 possunt

467 3407 528 3469 nec
543 3388 651 3452 sciunt
668 3388 743 3451 Deo
761 3388 899 3453 reddere
914 3387 1063 3452 debitam
1084 3389 1249 3452 racionem
1267 3387 1478 3452 villicacionis
1494 3408 1571 3462 suae,
1587 3387 1638 3451 ie.
1653 3387 1704 3451 sui
1724 3388 1822 3456 officii

467 3517 502 3590 et
524 3529 593 3572 suae
616 3529 713 3584 curre.
737 3554 746 3570 .
770 3555 779 3573 .
802 3555 810 3571 .
835 3508 895 3582 Ille
915 3509 1003 3573 enim
1023 3531 1092 3587 rex,
1107 3531 1165 3573 seu
1184 3508 1346 3588 dominus,
1362 3529 1419 3573 seu
1437 3508 1522 3574 alius
1539 3509 1750 3591 quiscunque,
1764 3509 1822 3590 qui

467 3628 556 3707 facit,
576 3630 630 3694 vel
655 3629 726 3716 fieri
752 3629 888 3712 laborat,
912 3651 970 3694 seu
992 3630 1130 3712 adjuvat
1152 3629 1297 3712 aliquem
1325 3629 1402 3712 eligi
1426 3650 1483 3694 seu
1508 3629 1651 3693 ordinari
1677 3630 1712 3692 in
1736 3629 1823 3712 epis-

467 3770 599 3834 copum,
617 3759 787 3827 rectorem,
807 3750 962 3836 judicem,
985 3751 1152 3828 abbatem,
1175 3772 1233 3814 seu
1256 3751 1447 3824 officiarium
1470 3752 1504 3813 in
1525 3750 1658 3834 populo,
1673 3751 1744 3819 sine
1763 3752 1823 3814 de·

468 3871 539 3942 bita
557 3872 743 3958 intencione
764 3880 797 3936 et
812 3893 904 3955 pura,
920 3881 955 3936 et
974 3873 1045 3950 sine
1061 3872 1174 3948 debita
1194 3872 1325 3948 noticia,
1341 3873 1430 3955 quod
1446 3872 1502 3936 illa
1517 3893 1665 3955 persona,
1680 3892 1740 3955 pro
1756 3891 1823 3954 qua

467 3993 579 4071 instat,
594 3993 697 4077 habet
719 3994 904 4072 scienciam,
919 3994 1118 4077 potenciam,
1133 4001 1167 4058 et
1186 3993 1392 4066 voluntatem
1411 3993 1455 4058 ad
1479 3993 1667 4064 laciendum
1689 4013 1823 4075 eaquae

468 4114 503 4180 in
525 4112 583 4178 illo
605 4115 714 4179 officio
736 4113 861 4194 tierent,
879 4115 955 4179 Deo
973 4115 1124 4198 jubente,
1145 4135 1220 4178 reus
1241 4123 1293 4178 est
1315 4087 1425 4178 coram
1448 4115 1524 4180 Deo
1546 4115 1693 4178 omnium
1717 4113 1821 4180 malo·

470 4253 552 4324 rum,
576 4254 651 4317 quae
677 4236 872 4318 perveniunt
894 4256 953 4318 per
978 4234 1146 4300 defectum
1174 4234 1269 4314 illius,
1292 4255 1392 4318 quern
1415 4244 1587 4318 promovet
1608 4235 1652 4306 ad
1675 4235 1822 4317 regimen
