4378 4936
741 393 839 449 LOCI
865 393 895 446 E
924 393 1047 447 LIBRO
1083 391 1343 447 VERITATUM.
1677 383 1717 468 83

364 629 426 674 nec
451 617 489 675 ut
520 609 608 675 mala
635 631 749 674 eorum
776 609 1001 687 reformentur,
1028 629 1088 691 pro
1112 608 1232 690 quibus
1257 609 1489 689 dampnantur,
1512 614 1548 672 et
1569 615 1606 672 tu
1633 605 1719 672 sorte

364 750 464 796 causa
486 752 532 807 es,
557 752 615 795 seu
641 731 770 794 occasio
797 751 842 809 es,
865 750 965 812 quare
987 730 1035 794 sic
1058 729 1215 808 iecerunt,
1238 737 1273 792 et
1298 747 1411 811 quare,
1434 730 1481 793 sic
1507 728 1717 805 decedentes,

364 851 563 916 aetemaliter
598 850 705 935 puniti
738 859 826 915 sunt.
886 849 983 932 Luge
1013 870 1100 933 ergo,
1130 850 1208 932 luge
1241 869 1353 913 coram
1385 846 1444 912 illo
1475 848 1621 914 Domino
1651 851 1718 932 qui,

366 971 468 1036 Lucae
489 979 531 1051 7⁰,
554 992 621 1036 non
646 971 847 1036 habentibus
870 972 958 1036 unde
981 971 1166 1046 redderent,
1190 990 1235 1034 sc.
1259 971 1295 1033 in⁴
1315 969 1444 1048 effectu,
1468 969 1605 1035 donavit
1626 969 1719 1052 pium

363 1091 562 1156 habentibus
593 1112 705 1157 coram
732 1093 808 1157 Deo
838 1093 1004 1157 affectum.
1064 1091 1095 1157 Ο
1123 1091 1238 1155 Deus!
1276 1091 1429 1169 concede,
1461 1101 1501 1156 ut
1530 1091 1719 1155 sacerdotes

365 1221 452 1278 recte
477 1214 690 1290 considerent,
716 1214 885 1296 quomodo
912 1213 1006 1277 Deus
1035 1213 1193 1296 praecepit
1218 1211 1378 1294 apostolis
1407 1232 1473 1276 non
1506 1211 1614 1276 solum
1641 1231 1719 1294 pec·

363 1342 439 1396 cata
478 1334 646 1398 remittere
682 1333 754 1407 hiis,
785 1333 842 1416 qui
871 1333 936 1398 hoc
964 1355 1041 1399 vere
1076 1343 1272 1412 meruerunt,
1303 1332 1362 1398 sed
1393 1332 1497 1398 eciam
1528 1331 1619 1415 quod
1652 1351 1718 1396 non

364 1453 568 1518 remitterent
594 1475 702 1537 neque
729 1455 947 1532 absolverent,
974 1455 1037 1517 nisi
1063 1475 1163 1536 quem
1189 1455 1327 1536 dignum
1354 1474 1376 1517 a
1402 1454 1477 1517 Deo
1503 1451 1631 1517 absolvi
1659 1472 1720 1536 per

364 1574 550 1638 evidencias
575 1576 756 1640 crederent.
802 1575 903 1640 Unde
926 1575 1089 1656 Jobannis
1112 1593 1162 1651 20,
1186 1575 1276 1638 Xtus
1301 1595 1368 1638 non
1393 1574 1501 1638 solum
1527 1572 1616 1638 dixit
1638 1593 1720 1655 apo·

363 1693 467 1769 stolis,
483 1699 640 1778 ‘quorum
663 1696 833 1760 remisistis
853 1705 989 1778 peccata
1010 1692 1240 1775 remittuntur,'
1255 1696 1323 1772 sed,
1340 1703 1496 1778 ‘quorum
1519 1693 1719 1758 retinueritis

364 1824 501 1896 peccata
524 1824 652 1880 retenta
674 1813 770 1881 sunt.’
814 1817 918 1881 Teste
941 1817 1029 1880 enim
1045 1817 1171 1881 Sancto
1185 1815 1376 1895 Ambrosio,
1392 1816 1476 1880 libro
1497 1815 1641 1880 secundo
1664 1814 1720 1878 De

366 1934 577 2013 Poenitencia,
600 1936 744 2001 Sanctus
766 1936 883 2001 Petrus
904 1937 1099 2020 Symonem‚
1122 1936 1272 2002 Actuum
1293 1935 1335 2016 8⁰,
1358 1957 1424 2001 non
1445 1936 1596 2014 absolvit,
1617 1953 1720 2018 quern

364 2057 397 2118 in
427 2055 634 2137 obligacione
664 2057 845 2141 iniquitatis
879 2079 1012 2121 manere
1045 2059 1284 2140 pronunciavit.
1337 2057 1441 2121 Teste
1472 2057 1561 2121 enim
1591 2056 1719 2120 Sancto

364 2175 555 2254 Ambrosio,
571 2177 625 2240 De
641 2178 853 2252 Poenitencia,
871 2188 986 2242 contra
1003 2161 1174 2243 Novatum
1194 2177 1397 2256 haereticum,
1411 2188 1446 2242 et
1467 2176 1539 2260 ejus
1560 2196 1719 2258 sequaces

365 2297 585 2375 Novacianos,
608 2299 762 2362 sacerdos
783 2298 885 2362 alium
909 2300 1048 2364 audiens
1070 2301 1105 2363 in
1127 2299 1333 2364 consessione
1358 2310 1394 2364 et
1420 2299 1529 2382 ipsum
1551 2297 1720 2380 decipiens

365 2418 442 2500 quia
464 2417 534 2481 sine
564 2418 679 2482 debita
704 2419 910 2483 consessione
939 2421 1047 2502 ipsum
1068 2420 1226 2485 vocaliter
1255 2419 1406 2495 absolvit,
1431 2417 1488 2501 qui
1511 2439 1533 2482 a
1555 2417 1631 2482 Deo
1660 2418 1720 2480 ab·

364 2537 493 2600 solutus
522 2559 588 2600 non
619 2548 678 2614 est,
710 2559 775 2602 non
806 2539 921 2622 ipsum¹
944 2539 1114 2632 hominem
1140 2562 1161 2604 a
1186 2541 1331 2624 peccatis
1357 2540 1460 2618 exuit,
1486 2539 1546 2603 sed
1572 2536 1719 2621 seipsum

363 2659 570 2722 sacerdotem
600 2660 633 2721 in
663 2670 835 2741 peccatum
869 2661 986 2739 induit,
1015 2662 1093 2744 quia
1123 2663 1276 2726 sacerdos
1309 2671 1426 2744 peccat
1455 2661 1534 2742 quia
1567 2659 1719 2722 debiturn

365 2799 461 2842 suum
483 2799 594 2843 coram
611 2780 686 2843 Deo
709 2801 775 2844 non
799 2781 900 2860 facit;
923 2782 1007 2846 sorte
1029 2784 1072 2846 ad
1095 2782 1229 2847 archam
1251 2782 1387 2847 Domini
1410 2802 1485 2846 cum
1509 2781 1630 2864 Moyse
1652 2800 1720 2846 non

366 2900 513 2973 cucurrit,
541 2900 584 2965 ad
612 2903 829 2983 quaerendum
849 2902 986 2965 Domini
1011 2903 1218 2968 voluntatem
1242 2913 1277 2968 et
1299 2921 1516 2984 responsum;
1545 2901 1565 2964 i.
1581 2923 1611 2965 e.
1634 2899 1719 2964 sorte

365 3041 433 3086 non
456 3022 610 3105 quaesivit
633 3023 667 3085 in
689 3033 810 3100 mente,
832 3043 893 3087 nec
916 3025 1110 3108 scripturam
1134 3025 1290 3103 divinam,
1305 3045 1366 3106 nec
1387 3033 1577 3088 sanctorum
1595 3023 1720 3104 scripta

365 3143 583 3225 investigavit,
612 3152 650 3208 ut
678 3145 776 3210 sciret
805 3146 884 3228 quid
918 3146 1079 3211 confitens
1108 3146 1215 3211 facere
1244 3155 1377 3212 tenetur
1404 3165 1518 3212 coram
1547 3145 1624 3208 Deo
1657 3162 1719 3225 pro

365 3264 461 3327 venia
481 3273 515 3328 et
534 3263 640 3348 gloria
659 3265 822 3344 habenda,
838 3287 899 3332 nec
922 3269 1109 3333 considerat
1135 3289 1177 3332 ne
1199 3266 1367 3332 sentencia
1386 3289 1446 3332 sua
1468 3269 1501 3332 in
1516 3265 1719 3331 absolvenda

366 3387 408 3450 sit
431 3386 594 3450 contraria
615 3388 794 3451 sentenciae
813 3388 877 3452 Dei
900 3391 934 3453 in
957 3389 1051 3469 coelo,
1068 3411 1128 3454 nec
1151 3389 1366 3454 confitentem
1389 3390 1540 3472 ignarum
1563 3388 1719 3452 informat

366 3506 478 3569 debite
503 3507 547 3570 de
571 3507 726 3571 cavendis
751 3518 785 3571 et
808 3508 852 3572 de
877 3511 1069 3573 necessariis
1095 3510 1213 3574 fiendis
1238 3531 1299 3593 pro
1325 3509 1433 3575 salute
1454 3519 1578 3573 aeterna
1603 3529 1718 3574 conse·

366 3626 525 3708 quenda3
562 3628 621 3692 sed
654 3637 752 3710 putat
782 3649 818 3692 se
852 3649 951 3711 posse
985 3630 1154 3695 hominem
1185 3631 1367 3708 absolvere,
1397 3632 1425 3694 si
1457 3632 1528 3714 ipse
1564 3630 1718 3694 sacerdos

365 3747 514 3832 voluerit,
543 3750 694 3831 quamvis
722 3750 788 3813 alia
818 3752 975 3833 requisita
1003 3773 1115 3816 coram
1145 3752 1220 3816 Deo
1250 3755 1381 3828 desunt,
1405 3761 1439 3816 et
1468 3750 1630 3816 confitens
1658 3751 1719 3814 ali-

366 3869 501 3950 quando
529 3879 655 3953 peccat,
678 3872 735 3954 qui
764 3873 938 3938 veritatem
959 3875 1037 3938 vitae
1062 3875 1107 3939 ad
1137 3895 1237 3958 quam
1263 3883 1394 3939 tenetur
1423 3893 1621 3955 cognoscere
1650 3891 1717 3936 non

366 3997 467 4068 curat,
491 4011 553 4056 nec
578 3991 717 4057 laborat.
771 3995 853 4058 Ideo
878 3996 906 4058 si
932 3996 1063 4060 veniam
1086 3994 1210 4060 habere
1235 4017 1256 4060 a
1283 3997 1357 4060 Deo
1383 3996 1531 4071 velimus,
1558 3993 1717 4058 faciamus

365 4131 441 4192 quae
465 4111 629 4176 Dominus
651 4117 818 4198 pracepit,
836 4117 948 4180 Ysaiae
971 4117 1079 4200 primo
1099 4125 1160 4196 ca⁰‚
1182 4117 1375 4182 ‘Lavamini
1399 4127 1434 4182 et
1454 4116 1570 4181 mundi
1592 4116 1718 4190 estote,‘

368 4231 387 4293 i.
404 4253 433 4294 e.
460 4233 505 4296 sic
531 4235 735 4300 mundemini
759 4259 779 4301 a
803 4249 948 4320 peccato,
976 4248 1013 4302 ut
1037 4259 1113 4304 vere
1138 4249 1172 4304 et
1196 4242 1321 4324 integre
1348 4240 1461 4305 mundi
1488 4237 1567 4321 sitis,
1590 4241 1636 4305 sic
1659 4242 1716 4307 de-

1011 4357 1038 4404 Μ
1057 4361 1075 4408 2
