4378 4936
728 425 827 480 coer
852 425 882 479 E
911 425 1036 480 alnao
1071 425 1329 481 vammum
1648 417 1706 501 163

354 653 592 733 Romanorum,
622 666 655 720 et
683 676 759 739 rege
788 655 1021 740 Ungariorum,
1050 666 1084 720 et
1114 665 1300 739 protectore
1329 657 1434 721 sancti
1465 656 1593 720 concilii
1620 656 1707 722 Con-

352 777 557 840 stanciensis.
603 775 661 840 Ab
685 777 758 860 ipso
782 776 921 842 concilio
945 775 1154 842 Constanciae
1177 776 1345 842 celebrato
1368 798 1456 860 papa
1474 776 1644 858 Johannes
1666 793 1707 860 23

352 897 470 960 subtus
489 897 615 962 auxilio
638 898 731 962 ducis
749 897 906 974 Austriae,
934 917 1021 963 anno
1045 899 1181 962 Domini
1209 911 1299 978 1415,
1327 918 1430 982 prope
1452 897 1538 962 festa
1561 896 1709 961 Pascalia

352 1014 438 1081 clam
456 1017 571 1100 lugam
591 1019 663 1083 iniit
682 1041 703 1083 a
722 1020 857 1084 civitate
874 1017 1092 1096 Constanciae,
1115 1028 1149 1082 et
1161 1029 1282 1084 'tamen
1303 1019 1479 1084 concilium
1499 1017 1708 1082 Constanciae

353 1149 591 1221 congregatum
618 1141 740 1205 mansit
767 1141 959 1214 adunatum,
983 1149 1017 1204 et
1043 1140 1151 1223 ipsum
1174 1139 1362 1221 Johannem
1386 1159 1509 1222 papam
1532 1139 1710 1222 praedictus

352 1259 460 1324 bonus
490 1261 670 1343 imperator
700 1260 933 1344 Sigismundus
966 1262 1010 1324 ad
1041 1260 1216 1326 concilium
1251 1259 1460 1325 Constanciae
1491 1259 1645 1336 reduxit;
1675 1265 1710 1321 et

353 1377 462 1461 ipsum
486 1402 609 1464 papam
631 1381 820 1463 Johannem
840 1397 881 1464 23
907 1381 1081 1446 concilium
1109 1380 1190 1445 illud
1216 1401 1345 1445 sacrum
1367 1379 1626 1445 constanciense
1651 1379 1710 1442 de·

353 1502 472 1582 posuit,
492 1513 526 1567 et
548 1505 674 1568 amovit
691 1524 711 1566 a
729 1512 864 1585 papatu,
885 1511 1022 1585 propter
1044 1501 1228 1565 criminales
1252 1522 1376 1581 causas,
1391 1522 1475 1585 quas
1497 1509 1612 1566 contra
1632 1518 1709 1563 eum

353 1619 454 1704 aliqui
478 1631 653 1688 moverunt
677 1631 710 1687 et
732 1623 976 1706 probaverunt;
1003 1632 1037 1687 et
1059 1623 1167 1703 ipsum
1185 1621 1374 1703 Johannem
1392 1640 1432 1705 23
1453 1644 1474 1686 a
1496 1630 1621 1705 papatu
1645 1620 1710 1702 pri-

352 1752 467 1806 vatum
490 1742 671 1826 imperator
694 1744 873 1827 praedictus
898 1744 1052 1807 dominus
1077 1741 1317 1826 Sigismundus,
1332 1745 1376 1808 ad
1395 1743 1577 1826 jussionem
1604 1740 1710 1804 sancti

353 1863 483 1929 concilii
518 1863 792 1940 constanciensis,
826 1864 905 1929 iecit
942 1867 976 1928 in
1009 1867 1155 1948 quadam
1188 1863 1257 1929 alta
1294 1886 1424 1930 camera
1457 1862 1710 1946 diligentissime

353 1985 520 2050 custodiri.
565 1985 776 2050 Eleccionem
798 1995 912 2050 autem
936 1987 1011 2050 novi
1039 2006 1144 2068 papae‚
1167 1988 1224 2068 qui
1251 1985 1396 2068 Johanni
1420 1992 1476 2068 23⁰
1496 1983 1649 2067 deposito
1675 1981 1709 2044 in

353 2105 508 2186 proximo
529 2107 729 2184 succederet,
745 2106 920 2171 concilium
937 2107 1018 2170 illud
1035 2106 1295 2171 Constanciense
1311 2107 1373 2170 sibi
1394 2126 1571 2183 reservans,
1587 2103 1709 2167 seriose

353 2225 522 2308 prohibuit
545 2248 587 2292 ne
607 2229 681 2310 quis
703 2230 812 2311 ipsum
833 2227 1024 2310 Johannem
1049 2229 1240 2312 depositum
1261 2240 1321 2294 aut
1337 2228 1535 2312 Gregorium
1556 2225 1629 2306 xij¹²¹
1651 2231 1710 2286 aut

354 2346 573 2413 Benedictum
607 2359 677 2432 13³²,
711 2349 800 2432 prius
836 2349 868 2412 in
899 2349 1039 2413 concilio
1070 2351 1190 2415 Pisano
1224 2350 1434 2433 dampnatos,
1465 2357 1500 2413 et
1528 2369 1549 2411 a
1578 2365 1710 2410 summo

354 2468 532 2551 praesulatu
556 2479 703 2534 semotos
732 2471 776 2534 de
802 2489 888 2534 novo
912 2471 944 2533 in
971 2491 1093 2554 papam
1117 2471 1261 2554 eligeret,
1286 2481 1345 2535 aut
1367 2472 1409 2535 ad
1440 2469 1516 2534 talis
1538 2465 1711 2551 dignitatis

353 2591 483 2673 apicem
514 2592 719 2668 nominaret3
750 2601 784 2655 et
814 2612 891 2656 ecce
921 2612 962 2655 eo
992 2603 1152 2676 tempore,
1174 2614 1241 2675 quo
1270 2593 1442 2675 Johannes
1471 2609 1512 2674 23
1539 2588 1711 2673 depositus

354 2712 572 2776 detenebatur
592 2712 626 2774 in
646 2712 805 2790 custodia,
824 2722 980 2776 manente
1002 2713 1141 2777 concilio
1164 2715 1197 2777 in
1215 2711 1424 2789 Constancia,
1441 2711 1620 2794 Gregorius
1641 2709 1710 2792 xij¹,

354 2833 411 2914 qui
432 2833 522 2916 prius
540 2831 602 2897 suit
620 2855 641 2898 a
656 2831 796 2896 concilio
812 2833 932 2896 Pisano
953 2855 1012 2916 per
1031 2836 1235 2900 sentenciam
1256 2836 1437 2917 depositus,
1454 2833 1563 2897 missis
1583 2832 1711 2897 nunciis

355 2963 390 3020 et
415 2953 682 3037 procuratoribus
707 2953 750 3016 ad
776 2951 1034 3019 Constanciense
1057 2955 1240 3031 concilium,
1264 2976 1364 3019 omne
1387 2954 1442 3036 jus
1471 2955 1561 3037 quod
1588 2953 1650 3017 sibi
1677 2954 1710 3016 in

354 3083 479 3158 papatu
506 3085 695 3156 competere
719 3075 859 3139 credidit
885 3077 918 3138 in
946 3077 1098 3139 manibus
1123 3079 1228 3141 sancti
1252 3075 1380 3141 concilii
1404 3076 1590 3158 resignavit,
1617 3074 1711 3156 cujus

356 3197 615 3279 resignacionem
649 3195 825 3261 concilium
856 3195 1045 3260 venerabile
1077 3218 1143 3261 non
1179 3199 1365 3280 repudians,
1396 3197 1513 3280 ipsum,
1546 3205 1580 3260 et
1606 3195 1711 3259 cardi·

355 3317 448 3382 nales
478 3337 563 3395 suos
593 3337 678 3400 quos
710 3319 781 3400 ipse
815 3317 847 3380 in
879 3315 1119 3382 cardinalatum
1148 3329 1383 3401 assumpserat,
1416 3320 1450 3381 in
1479 3318 1577 3382 titulo
1607 3318 1712 3382 cardi·

356 3438 486 3503 nalatus
518 3458 653 3502 manere
689 3439 837 3521 graciose
869 3439 1039 3522 permisit;
1077 3459 1143 3502 non
1174 3448 1286 3503 autem
1318 3437 1423 3502 multo
1453 3447 1605 3520 tempore
1635 3449 1713 3521 post

356 3557 639 3623 renunciacionem
670 3560 758 3623 idem
790 3555 968 3642 Gregorius
992 3559 1038 3641 xij
1067 3559 1172 3623 obiit:
1204 3558 1378 3623 concilium
1408 3567 1520 3622 autem
1548 3559 1713 3624 Constan-

354 3681 472 3758 ciense,
502 3679 618 3743 volens
648 3701 770 3744 novum
802 3701 924 3764 papam
955 3680 1041 3764 eligi,
1066 3681 1166 3764 elegit
1196 3691 1302 3745 certos
1332 3679 1523 3758 cardinales
1547 3679 1713 3761 adjunctis

355 3801 403 3865 eis
432 3800 530 3865 certis
559 3799 807 3866 honorabilibus
832 3803 909 3864 viris
939 3803 982 3865 de
1012 3803 1150 3866 nacione
1180 3801 1336 3884 qualibet,
1360 3823 1416 3865 eos
1446 3802 1490 3865 ad
1524 3801 1712 3884 eligendum

354 3941 523 3986 summurn
546 3921 720 4004 praesulem
744 3923 900 3986 conclave
924 3923 1045 3988 intrare
1069 3923 1217 4006 permisit
1242 3925 1284 3987 de
1308 3925 1447 3986 nacione
1469 3923 1620 4005 qualibet
1643 3923 1714 3987 illa-

356 4063 428 4107 rum
451 4043 635 4121 nacionum,
656 4043 689 4106 in
710 4065 792 4126 quas
810 4044 918 4128 ipsum
942 4046 1117 4109 concilium
1136 4046 1278 4109 divisum
1300 4044 1370 4108 luit.
1407 4043 1579 4108 Electores
1600 4053 1712 4108 autem

355 4164 518 4246 eligerunt
554 4165 586 4228 in
617 4185 739 4248 papam
774 4165 947 4229 dominum
979 4165 1134 4230 Odonem
1168 4167 1344 4230 diaconum
1380 4165 1590 4244 cardinalem,
1625 4186 1713 4230 anno

358 4283 492 4347 Domini
513 4298 604 4362 1417,
627 4285 659 4347 in
682 4284 736 4349 dle
760 4283 875 4352 Sancti
894 4285 1029 4349 Martini
1054 4287 1199 4368 episcopi
1224 4296 1258 4349 et
1281 4283 1474 4349 confessoris
1499 4285 1572 4348 Dei.
1611 4285 1714 4349 Anno

1004 4402 1026 4450 Υ
1053 4406 1068 4448 2
