4322 4936
488 393 550 460 230
826 380 888 434 EX
889 379 1025 434 CERPT
1023 378 1050 432 Α
1069 377 1106 430 'E
1128 377 1223 432 MSS.
1250 377 1504 432 GASCOIGNII.

486 598 685 664 consentiret
707 607 824 679 regem¹
843 614 940 658 suum
964 593 1154 668 Ricardum,
1178 591 1272 674 cujus
1294 593 1494 657 contrarium
1517 602 1631 657 tamen
1654 592 1731 658 lecit
1754 595 1843 680 idem

487 719 662 798 Henricus,
692 717 843 800 cogendo
879 735 992 798 regem
1024 713 1205 778 Ricardum
1237 713 1401 796 resignare
1438 734 1593 778 coronam
1629 714 1662 777 in
1699 716 1843 780 crastino

487 839 660 905 Michaelis
681 837 864 902 Londoniis
886 836 975 919 apud
991 834 1334 912 westmonasterium,
1355 833 1433 899 licet
1452 835 1542 918 prius
1562 834 1759 900 fidelitatem
1780 837 1842 902 sibi

482 961 606 1044 juravit
628 961 662 1023 in
684 958 865 1042 praesencia
888 955 1125 1038 archiepiscopi
1144 953 1306 1033 Arundel,
1322 964 1355 1019 et
1378 956 1507 1020 comitis
1530 955 1787 1036 Northumbriae,
1809 968 1843 1023 et

483 1081 608 1146 domini
628 1079 772 1144 Thomae
788 1077 880 1161 Gray
902 1097 977 1142 cum
1000 1097 1099 1142 curvo
1122 1078 1218 1160 pede.
1264 1073 1403 1164 [Comes
1426 1078 1515 1142 enim
1539 1078 1665 1160 Darby,
1687 1099 1732 1144 sc.
1754 1100 1839 1162 prae-

485 1203 594 1268 dictus
611 1201 776 1266 Henricus
792 1199 948 1283 Quartus,
966 1199 1090 1281 juravit
1112 1217 1211 1282 super
1231 1217 1350 1281 corpus
1366 1199 1426 1264 Xti
1448 1199 1481 1262 in
1501 1209 1708 1264 sacramento
1728 1200 1841 1266 altaris

485 1333 520 1388 et
544 1323 626 1387 illud
652 1321 776 1405 recepit
801 1322 835 1384 in
859 1321 938 1385 villa
962 1321 1005 1385 de
1031 1317 1184 1402 Chestyr,
1210 1320 1299 1402 quod
1327 1339 1497 1402 nunquam
1524 1319 1700 1385 rebellaret
1726 1331 1841 1386 contra

485 1463 597 1526 regem
614 1443 804 1518 Ricardum,
822 1462 882 1506 nec
905 1461 980 1504 eum
1000 1441 1123 1524 deponi
1141 1461 1162 1504 a
1182 1461 1304 1504 corona
1326 1441 1536 1515 consentiret,
1553 1451 1587 1505 et
1610 1441 1699 1505 istud
1718 1440 1840 1524 juravit

484 1583 595 1627 coram
617 1562 864 1646 archiepiscopo
884 1561 1017 1626 Thoma
1040 1559 1203 1637 Arundel,
1227 1570 1261 1626 et
1284 1561 1406 1626 comite
1429 1561 1688 1642 Northumbriae,
1713 1571 1747 1626 et
1770 1563 1839 1646 ejus

484 1683 553 1749 lilio
577 1679 767 1768 Henrico¹.]

573 1814 607 1870 2⁸
629 1825 678 1870 ca
725 1805 821 1882 Item,
851 1804 979 1887 optavit
1011 1803 1277 1886 archiepiscopus
1310 1802 1436 1885 Scrope
1470 1804 1560 1886 quod
1594 1823 1716 1867 corona
1748 1805 1838 1886 regni

482 1925 619 2010 Angliae
641 1927 793 1990 restituta
815 1945 884 1988 suae
909 1925 1005 1988 lineae
1026 1924 1081 1988 vel
1106 1925 1223 2003 cursui,
1246 1924 1383 1989 ecclesia
1406 1923 1596 2007 Anglicana
1617 1923 1741 1989 habeat
1762 1945 1839 2008 pos·

482 2047 646 2111 sessiones
681 2067 766 2126 suas,
795 2045 976 2122 libertates,
1007 2045 1271 2123 consuetudines,
1303 2056 1337 2109 et
1367 2045 1545 2128 privilegia,
1575 2066 1650 2128 quae
1684 2047 1728 2110 ad
1764 2067 1837 2110 eam

478 2166 569 2250 juste
595 2168 770 2250 pertinent,
796 2167 977 2231 secundum
1005 2165 1097 2248 leges
1120 2165 1227 2248 justas
1253 2176 1288 2230 et
1314 2165 1442 2229 nobiles
1468 2167 1559 2248 regni
1586 2165 1721 2248 Angliae
1747 2167 1837 2249 prius

481 2289 629 2368 usitatas,
651 2309 727 2370 quae
749 2287 887 2352 ecclesia
908 2287 1098 2368 Anglicana
1117 2285 1189 2368 jam
1211 2286 1415 2368 gubematur
1437 2288 1537 2350 modo
1560 2287 1733 2352 contrarie.

569 2418 612 2491 3⁸.
658 2408 754 2488 Item,
787 2410 877 2490 quod
908 2407 1033 2472 domini
1065 2408 1156 2489 regni
1183 2406 1373 2488 judicentur
1401 2406 1582 2471 secundum
1609 2407 1771 2489 judicium
1802 2418 1836 2472 et

480 2528 757 2593 deliberacionem
786 2528 924 2592 aliorum
952 2527 1160 2591 dominorum
1192 2527 1256 2590 illis
1286 2527 1473 2610 aequalium,
1504 2537 1538 2591 et
1568 2547 1633 2591 non
1664 2549 1704 2592 eo
1734 2530 1836 2593 modo

481 2670 547 2731 quo
577 2649 647 2730 jam
681 2648 880 2730 judicantur,
910 2660 943 2712 et
975 2648 1122 2725 exulant,
1153 2659 1185 2712 et
1220 2649 1422 2722 occiduntur,
1457 2670 1496 2711 eo
1529 2649 1618 2730 quod
1650 2659 1742 2713 stant
1775 2671 1835 2732 pro

480 2770 617 2833 veritate
639 2790 769 2832 coronae
792 2779 826 2833 et
849 2769 991 2832 utilitate
1014 2769 1115 2851 regni,
1140 2779 1173 2832 et
1196 2768 1274 2850 quia
1297 2769 1452 2833 resistunt
1476 2769 1601 2851 injuriae
1625 2771 1727 2852 regni.
1797 2859 1800 2866 1

567 2898 610 2966 4·.
644 2889 739 2967 Item,
755 2890 844 2971 quod
869 2889 983 2966 clerus,
1003 2889 1163 2971 generosi,
1181 2900 1389 2967 mercatores,
1405 2901 1439 2954 et
1461 2908 1655 2953 communes
1679 2911 1745 2954 non
1768 2892 1834 2955 sint

479 3010 629 3092 oppressi
652 3030 711 3092 per
734 3010 939 3086 exaccioneS,
958 3019 1065 3088 taxas,
1089 3021 1123 3073 et
1145 3009 1301 3087 subsidia,
1326 3030 1386 3072 nec
1412 3030 1471 3091 per
1494 3010 1575 3072 alias
1602 3011 1833 3093 imposiciones

480 3152 521 3194 eo
540 3133 640 3195 modo
661 3151 728 3213 quo
743 3129 813 3213 jam
833 3131 1070 3212 opprimuntur,
1084 3131 1162 3212 quia
1177 3131 1327 3213 quolibet
1344 3151 1433 3194 anno
1451 3142 1527 3213 post
1545 3151 1641 3194 suum
1662 3133 1831 3196 introitum

479 3252 513 3314 in
531 3251 690 3335 Angliam
708 3251 824 3316 habuit
847 3271 908 3314 rex
925 3251 1090 3314 Henricus
1107 3251 1191 3332 iiij2¹¹⁸
1214 3260 1331 3315 taxam
1350 3261 1383 3316 et
1404 3252 1578 3327 decimam,
1596 3261 1629 3316 et
1651 3251 1831 3334 aliquando

478 3372 589 3454 plures
609 3374 643 3436 in
666 3393 731 3435 uno
751 3392 848 3449 ann0,
864 3371 942 3436 licet
965 3371 998 3434 in
1020 3372 1127 3454 primo
1149 3373 1284 3436 introitu
1312 3393 1372 3436 suo
1395 3374 1428 3435 in
1451 3372 1612 3456 Angliam
1636 3383 1712 3455 post
1733 3393 1830 3436 suum

478 3493 614 3556 exilium
634 3493 757 3575 juravit
784 3493 874 3556 idem
901 3513 961 3556 rex
986 3493 1159 3570 Henricus,
1182 3502 1262 3556 tunc
1287 3504 1425 3557 vocatus
1452 3515 1564 3558 comes
1591 3494 1716 3576 Darby,
1739 3495 1829 3575 quod

478 3614 511 3676 in
535 3623 684 3697 tempore
706 3615 784 3679 vitae
806 3633 884 3692 suae,
907 3615 940 3676 in
964 3623 1125 3696 quantum
1151 3615 1221 3696 ipse
1244 3615 1405 3697 impedire
1427 3625 1549 3698 posset,
1573 3633 1741 3697 nunquam
1764 3615 1830 3678 sol-

476 3745 568 3800 veret
586 3735 723 3799 ecclesia
738 3735 927 3817 Anglicana
950 3735 1114 3800 decimam
1137 3755 1197 3800 nec
1220 3736 1363 3820 populus
1382 3748 1521 3815 taxam;
1544 3747 1578 3801 et
1600 3737 1688 3801 istud
1708 3737 1830 3820 juravit

477 3856 509 3916 in
533 3854 668 3919 castello
690 3855 733 3918 de
757 3854 1079 3944 Knarburghnjuxta
1102 3855 1262 3919 Eborum.

563 3985 606 4058 5⁸.
661 3977 757 4052 Item,
792 3978 883 4060 quod
919 3997 1048 4054 corona,
1078 3977 1178 4058 justae
1216 3979 1292 4040 linae
1329 3978 1491 4056 restituta,
1529 3979 1695 4062 sapientes
1731 3979 1828 4061 hujus

477 4099 577 4181 regni,
609 4099 666 4181 qui
699 4107 903 4180 cognoscunt
938 4097 1080 4162 honores
1113 4107 1147 4162 et
1182 4100 1392 4182 sapienciam,
1422 4101 1630 4184 assignentur
1665 4101 1732 4182 regi
1767 4119 1828 4184 pro

575 4233 582 4262 ¹
596 4234 659 4282 This
670 4249 774 4298 passage
785 4235 805 4284 is
817 4235 914 4285 written
927 4249 959 4284 on
971 4251 985 4284 a
998 4242 1053 4298 part
1066 4235 1095 4284 os
1103 4234 1145 4284 the
1157 4236 1272 4299 opposite
1283 4251 1347 4300 page
1359 4234 1383 4284 in
1397 4235 1558 4300 Gsscoigne's
1570 4237 1643 4287 latest
1654 4236 1729 4286 hand.
