4338 4936
702 439 801 496 LOCI
827 440 856 493 E
886 438 1011 492 LIBRO
1047 436 1306 493 VERJTATUM.
1639 445 1680 515 55

327 673 392 718 non
408 653 544 718 alterius
559 655 712 718 contrarii
730 654 848 731 michi;
871 653 1010 735 gloriam
1027 671 1135 716 meam
1155 653 1187 715 in
1204 652 1250 714 eis
1266 673 1384 734 quaere,
1398 672 1463 715 non
1480 651 1580 732 tuam}
1592 655 1682 720 lucra

328 796 410 852 mea,
426 795 491 838 non
509 785 575 851 tua,
592 773 777 856 dampnum
797 793 918 850 meum,
935 792 1000 835 non
1017 783 1121 836 tuum.
1159 769 1321 835 Attende.
1367 770 1484 836 Petrus
1504 775 1682 857 pascebat3

328 905 364 960 ut
383 905 505 978 pastor.
528 905 644 970 rector,
660 903 695 958 et
716 894 786 957 dux
808 893 932 976 populi,
947 891 1081 975 quando
1097 892 1239 969 dicebat,
1255 890 1334 968 ‘Tu,
1353 893 1506 971 Domine,
1522 895 1579 976 qui
1595 896 1683 959 nosti

329 1016 429 1079 corda
445 1018 605 1094 omnium,
621 1015 760 1078 ostende
772 1034 872 1096 quem
887 1023 924 1077 tu
940 1010 1289 1095 elegeris,'-Actuum
1304 1012 1412 1094 primo
1427 1014 1592 1096 capitulo;
1616 1037 1682 1080 non

328 1158 373 1201 ex
389 1155 486 1201 came
503 1136 612 1218 elegit,
624 1156 684 1199 nec
701 1157 744 1199 ex
761 1135 932 1199 voluntate
946 1135 1016 1208 viri,
1027 1133 1086 1196 sed
1101 1133 1306 1196 voluntatem
1321 1133 1384 1196 Dei
1401 1137 1528 1217 optavit
1545 1135 1682 1218 impleri,

328 1277 388 1322 nec
411 1278 471 1340 pro
492 1257 611 1321 litteris
631 1257 849 1332 dominorum,
872 1276 946 1337 quae
969 1265 1080 1319 essent
1095 1254 1287 1318 testimonia
1301 1255 1449 1318 veritatis
1467 1255 1684 1320 testificancia

329 1386 423 1440 actus
445 1376 591 1441 scientiae
615 1385 649 1440 et
671 1377 839 1452 virtutum,
858 1385 895 1438 ut
916 1375 959 1438 ad
983 1373 1048 1438 Dei
1071 1373 1205 1437 laudem
1228 1383 1262 1437 et
1284 1373 1327 1436 ad
1351 1374 1478 1438 lucrum
1499 1375 1682 1440 animarum

330 1497 511 1580 praesidens
533 1495 683 1578 eligatur.
729 1495 774 1560 Et
795 1497 873 1577 quia
893 1505 1021 1577 septem
1043 1496 1127 1559 vicia
1150 1496 1243 1577 quasi
1267 1503 1395 1576 septem
1417 1495 1552 1559 flumina
1573 1496 1684 1578 plures

329 1621 457 1683 animas
474 1619 719 1691 destruxerunt,
736 1617 811 1680 ideo
827 1619 933 1699 primo
951 1617 1087 1682 intendo
1103 1617 1212 1680 dicere
1228 1618 1270 1679 de
1288 1617 1396 1699 primo
1412 1616 1509 1679 malo.

417 1739 560 1822 Indigna
583 1740 752 1822 promocio
781 1760 838 1802 seu
863 1739 1031 1803 institucio
1058 1721 1299 1820 episcoporum,
1324 1747 1498 1812 rectorum,
1527 1759 1584 1802 seu
1615 1738 1684 1801 offi-

330 1861 501 1926 ciariorum
533 1862 565 1923 in
597 1861 742 1934 ecclesia,
766 1870 816 1923 est
843 1861 984 1942 primum
1015 1859 1138 1923 flumen
1171 1859 1351 1934 Babilonis,
1381 1860 1439 1922 i.e.
1473 1859 1684 1933 confusionis,

330 1982 419 2065 quod
435 1982 662 2064 plang'endum
685 1992 736 2046 est
756 1992 790 2046 et
814 1982 1058 2046 reformandum
1074 1982 1117 2044 ab
1137 1981 1199 2044 hiis
1215 1981 1271 2063 qui
1288 1979 1431 2064 diligunt
1445 1981 1557 2044 videre
1574 1982 1684 2045 Deum

331 2104 364 2166 in
388 2103 482 2186 Syon
505 2103 643 2168 coelesti.
698 2103 790 2166 Mala
814 2103 982 2166 ordinacio
1008 2103 1040 2165 in
1062 2102 1198 2166 ecclesia
1223 2123 1280 2165 seu
1305 2104 1337 2164 in
1361 2101 1472 2184 aliquo
1495 2102 1602 2166 officio
1625 2114 1684 2174 est,

335 2225 470 2306 quando
495 2223 650 2287 ordinans
673 2243 739 2286 non
763 2224 904 2287 intendit
926 2223 1093 2306 praefrcere
1116 2223 1168 2287 vel
1195 2225 1346 2287 ordinare
1369 2223 1461 2286 illum
1489 2225 1544 2305 qui
1568 2223 1686 2288 melius

332 2354 452 2427 potest,
477 2345 547 2420 scit,
570 2353 603 2407 et
629 2344 701 2407 vult
726 2364 880 2408 exercere
905 2353 998 2407 actus
1025 2343 1211 2426 spirituales
1240 2344 1347 2407 officio
1375 2364 1436 2406 suo
1462 2345 1602 2420 debitos,
1626 2365 1686 2407 nec

332 2467 476 2530 attendit
488 2485 563 2530 cum
577 2464 702 2530 Sancto
715 2465 811 2529 Petro
824 2486 924 2547 quem
939 2465 1032 2528 Deus
1046 2465 1156 2547 elegit,
1164 2464 1224 2530 sed
1237 2486 1335 2547 quem
1350 2467 1420 2546 ipse
1436 2466 1640 2548 impinguare
1652 2477 1686 2530 et

333 2587 560 2668 temporaliter
589 2586 749 2650 honorare
778 2587 856 2660 vult,
889 2607 949 2669 pro
979 2607 1075 2650 came
1112 2596 1146 2650 et
1176 2589 1346 2669 sanguine,
1377 2587 1430 2650 vel
1460 2608 1520 2669 pro
1551 2588 1686 2651 servicio

335 2709 503 2771 mundano
526 2707 578 2770 vel
609 2707 792 2789 temporali,
822 2707 874 2770 vel
901 2728 961 2790 pro
990 2709 1160 2789 obsequio,
1187 2707 1239 2770 vel
1267 2729 1326 2790 pro
1356 2717 1470 2791 rogatu
1505 2719 1539 2773 et
1569 2709 1687 2772 litteris

334 2828 483 2905 aliorum,
507 2828 563 2891 ubi
593 2827 714 2892 litterae
745 2828 876 2892 Divinae
905 2829 938 2892 in
969 2830 1129 2912 scriptura
1158 2850 1249 2893 sacra
1273 2831 1468 2912 praecipiunt
1493 2830 1575 2895 alios
1601 2832 1688 2894 viros

335 2951 501 3032 operarios
523 2949 609 3013 mitti
633 2950 666 3012 in
690 2969 831 3013 messem
854 2971 948 3013 suam
972 2959 1005 3014 et
1028 2951 1061 3013 in
1079 2951 1208 3015 vineam
1226 2952 1338 3034 populi
1360 2953 1434 3016 Dei.
1481 2953 1577 3017 Heul
1601 2952 1687 3017 heu!

336 3091 395 3154 pro
415 3070 475 3134 tali
497 3080 532 3134 et
552 3078 648 3133 tanto
670 3069 766 3149 malo,
786 3079 820 3134 et
844 3092 904 3153 pro
928 3072 1023 3135 malis
1046 3094 1090 3135 ex
1115 3073 1178 3136 isto
1200 3073 1288 3137 malo
1308 3075 1532 3157 sequentibus.
1579 3073 1688 3138 Causa

336 3191 423 3256 enim
454 3191 683 3255 antecedentis
714 3202 764 3256 est
795 3212 894 3256 causa
924 3195 1164 3276 consequentis.
1219 3195 1385 3260 Ordinans
1412 3217 1491 3278 ergo
1518 3197 1604 3259 male
1629 3216 1687 3260 seu

336 3312 457 3408 viciose
472 3310 617 3396 aliquem
640 3313 672 3375 in
696 3313 839 3376 officium
863 3313 1009 3378 ecclesiae
1032 3336 1089 3379 seu
1113 3315 1247 3380 alterius
1271 3319 1326 3391 rei,
1346 3328 1396 3382 est
1419 3338 1518 3381 causa
1539 3318 1687 3380 omnium

337 3432 508 3512 malomm‚
539 3443 573 3498 et
604 3453 678 3497 reus
708 3435 856 3498 omnium
888 3437 1058 3514 malorum,
1100 3458 1175 3519 quae
1213 3460 1271 3521 per
1307 3439 1409 3504 talem
1444 3438 1537 3511 fiunt,
1574 3449 1689 3504 contra

337 3555 478 3620 salutem
493 3556 686 3634 animarum,
703 3565 737 3620 et
760 3567 811 3622 est
834 3577 932 3621 causa
953 3559 1100 3622 omnium
1123 3561 1338 3623 omissionum
1361 3560 1523 3624 bonorum
1545 3570 1690 3640 actuum,

338 3677 393 3758 qui
417 3697 438 3739 a
461 3677 518 3741 tali
543 3676 595 3740 vel
621 3699 681 3760 per
707 3677 809 3742 talem
837 3681 1080 3761 praesidentem,
1105 3683 1133 3743 si
1162 3680 1268 3744 bonus
1298 3691 1393 3759 esset,
1416 3681 1542 3744 fierent.
1588 3682 1689 3747 Unde

337 3797 415 3862 talis
437 3798 592 3862 ordinans
618 3799 792 3864 carnaliter
815 3801 867 3864 vel
894 3801 982 3864 malo
1007 3821 1119 3866 amore
1145 3802 1198 3866 vel
1227 3803 1315 3869 malo
1340 3804 1457 3865 timore
1487 3802 1632 3885 aliquem
1656 3805 1688 3866 in

338 3917 491 3996 officium,
515 3939 573 3983 seu
601 3921 748 4003 regimen
775 3921 932 4001 ecclesiae,
955 3933 988 3988 et
1014 3925 1060 3987 sic
1087 3924 1228 3987 ordinari
1258 3945 1444 4008 procurans,
1468 3925 1690 3989 communicat

339 4041 482 4120 peccatis
506 4039 621 4104 alienis
647 4062 722 4124 quae
748 4063 792 4106 ex
819 4042 907 4108 sacto
931 4065 990 4108 suo
1020 4055 1214 4122 secuuntur;
1252 4055 1366 4110 contra
1395 4047 1485 4128 quod
1515 4057 1688 4128 peccatum

339 4159 490 4227 hortatur
512 4162 698 4246 Apostolus
725 4164 846 4243 dicens,
869 4165 965 4228 ‘Non
992 4168 1283 4231 communicaveris
1308 4168 1451 4250 peccatis
1475 4167 1607 4246 alienis‚'
1628 4167 1648 4232 i.
1659 4192 1688 4232 e.

341 4301 382 4345 ne
413 4283 456 4344 sis
483 4283 647 4366 particeps
674 4286 706 4348 in
735 4286 839 4369 culpis
871 4307 930 4351 nec
961 4289 993 4350 in
1019 4289 1127 4370 poenis
1157 4287 1304 4353 aliorum.
1366 4289 1419 4366 Et,
1450 4299 1536 4354 teste
1565 4288 1690 4354 Sancto
