4338 4936
719 411 817 465 LOCI
844 411 872 464 E
902 411 1026 464 LIBRO
1062 411 1318 466 VERITATUM.
1654 425 1693 490 23

341 624 472 708 propria
503 645 562 688 sua
592 644 741 706 persona,
770 625 855 688 sieut
886 624 1013 688 solebat
1043 626 1254 706 predecessor
1289 623 1387 688 suus?
1443 626 1489 692 Et
1525 629 1694 709 respondit

341 745 483 809 famulus
507 746 652 828 episcopi
676 747 798 822 dicens,
816 746 1002 809 ‘Dominus
1026 767 1118 809 meus
1139 748 1317 811 modernus
1339 747 1606 831 archiepiscopus
1629 770 1694 813 non

341 867 403 930 fuit
428 867 570 931 nutritus
595 868 627 930 in
659 868 777 930 eodem
805 868 905 930 modo
935 867 968 929 in
999 888 1066 950 quo
1092 867 1153 932 fuit
1178 870 1319 932 nutritus
1346 891 1424 932 suus
1450 872 1663 952 predecessor
1677 868 1694 947 ;’

341 989 528 1070 significans
559 1011 618 1072 per
647 989 710 1052 hoc
740 990 830 1071 quod
861 989 1015 1052 dominus
1051 1009 1129 1051 suus
1159 989 1432 1073 archiepiscopus
1464 992 1519 1073 qui
1555 991 1616 1054 fuit
1650 991 1695 1055 ita

341 1119 519 1174 extraneus
547 1119 580 1174 et
604 1111 778 1192 elongatus
803 1111 870 1174 suis
895 1110 1044 1185 subditis,
1070 1110 1132 1174 fuit
1162 1111 1248 1174 filius
1274 1112 1399 1175 domini
1424 1124 1458 1176 et
1484 1114 1697 1195 predecessor

341 1252 419 1294 suus
449 1233 505 1313 qui
536 1231 598 1297 suit
627 1232 892 1314 archiepiscopus
928 1241 1004 1296 ante
1042 1253 1118 1294 eum
1154 1231 1215 1294 fuit
1251 1232 1338 1296 filius
1368 1235 1547 1317 pauperis:
1582 1243 1615 1298 et
1646 1255 1696 1297 re-

342 1354 477 1435 spondit
492 1352 547 1416 ille
562 1374 689 1436 pauper
703 1354 862 1435 praedicto
878 1374 973 1416 servo
988 1353 1234 1435 archiepiscopi,
1247 1358 1254 1385 ‘
1267 1352 1415 1432 Revera,’
1426 1356 1539 1437 inquit,
1554 1354 1696 1418 ‘archie-

342 1473 497 1556 piscopus
518 1475 694 1538 modernus
716 1485 749 1538 et
770 1476 982 1558 predecessor
996 1495 1073 1537 suus
1094 1475 1207 1538 nutriti
1226 1475 1357 1540 fuerunt
1376 1477 1409 1539 in
1425 1478 1561 1541 diversis
1578 1477 1696 1550 modia

342 1594 401 1658 sed
421 1593 595 1658 manifeste
611 1603 704 1676 patet
720 1616 779 1677 per
794 1616 895 1677 opera
915 1596 1004 1677 quod
1027 1595 1238 1677 predecessor
1253 1595 1314 1660 fuit
1336 1597 1451 1660 melior
1464 1597 1512 1661 vir
1535 1606 1569 1660 et
1590 1597 1696 1678 magis

343 1715 431 1780 utilis
448 1714 514 1778 suis
531 1715 672 1778 subditis
687 1726 720 1779 et
737 1736 847 1779 eorum
864 1716 1037 1779 animabus
1053 1725 1087 1778 et
1102 1717 1164 1779 toti
1180 1713 1323 1780 diocesi’

430 1846 458 1912 [p
489 1846 559 1912 334]
598 1836 755 1919 Episcopi
791 1837 915 1900 habent
950 1857 1061 1901 curam
1092 1838 1407 1918 superintendenciae
1438 1837 1523 1900 circa
1553 1857 1592 1898 ea
1621 1857 1697 1917 quae

344 1957 510 2021 inferiores
526 1959 629 2022 curati
646 1960 771 2041 operari
789 1979 854 2021 non
875 1967 1022 2040 possunt,
1039 1969 1075 2022 ut
1093 1967 1143 2022 est
1163 1960 1330 2022 ordinacio
1346 1958 1565 2022 sacerdotum.
1610 1957 1697 2020 Item

343 2079 445 2143 habet
466 2100 577 2142 curam
601 2079 828 2143 immediatam
851 2080 1079 2163 parochiarum
1100 2101 1168 2143 suae
1189 2080 1329 2145 diocesis
1350 2080 1484 2162 quando
1510 2089 1620 2161 potest
1642 2098 1696 2140 co·

343 2201 470 2282 operari
498 2209 532 2264 et
556 2220 694 2282 coagere
718 2222 793 2265 cum
819 2200 961 2264 inferiori
988 2212 1109 2279 curato,
1132 2203 1188 2284 qui
1219 2213 1270 2266 est
1294 2202 1397 2265 eciam
1425 2209 1556 2265 curatus
1581 2200 1697 2261 imme·

344 2323 453 2385 diatus
486 2321 660 2404 parochiae.
717 2321 773 2387 Sic
800 2331 1030 2406 cooperatores
1059 2322 1129 2386 dati
1165 2333 1242 2386 sunt
1279 2323 1378 2386 Moisi
1409 2331 1445 2385 ut
1474 2327 1698 2384 sustentarent

343 2463 420 2506 cum
435 2463 474 2506 eo
495 2453 528 2506 et
547 2463 613 2506 non
631 2443 738 2506 solum
760 2463 819 2524 pro
838 2464 878 2507 eo
898 2464 981 2506 onus
1002 2443 1115 2526 populi
1136 2453 1169 2508 et
1188 2465 1229 2507 ne
1245 2445 1316 2527 ipse
1330 2444 1420 2506 solus
1435 2443 1481 2506 sic
1496 2450 1697 2524 gravaretur.

346 2563 423 2627 Hoc
444 2565 532 2627 enim
554 2585 638 2628 onus
653 2566 732 2628 satis
753 2565 953 2647 compatitur
967 2585 1079 2628 secum
1100 2564 1231 2647 pluries,
1248 2576 1284 2629 ut
1299 2574 1395 2629 vacet
1417 2565 1590 2645 episcopus
1611 2582 1698 2625 curae

345 2685 547 2748 immediatae
571 2693 605 2747 et
631 2705 698 2747 non
725 2685 832 2747 solum
859 2705 970 2748 curam
996 2685 1334 2767 superintendenciae3
1366 2685 1452 2748 hanc
1475 2684 1562 2748 enim
1586 2703 1697 2746 curam

345 2804 660 2886 superintendenciae
690 2814 822 2886 oportet
849 2805 1040 2888 episcopum
1067 2825 1165 2888 agere
1188 2814 1221 2868 et
1244 2826 1355 2869 curam
1381 2805 1608 2867 immediatam
1631 2787 1697 2865 non

345 2924 498 2988 omittere
510 2925 644 3007 quando
656 2925 751 2988 adest
764 2923 904 2988 facultas
916 2934 950 2989 et
963 2925 1098 3007 requirit
1110 2925 1234 2989 subditi
1247 2926 1423 2990 necessitas
1435 2950 1442 3002 ;
1458 2925 1542 2988 sicut
1556 2921 1698 2986 Sanctus

347 3043 466 3107 Paulus
484 3044 628 3108 visitavit
644 3055 677 3107 et
695 3045 808 3108 docuit
829 3065 885 3108 eos
906 3045 961 3127 qui
983 3045 1168 3109 habuerunt
1190 3055 1320 3109 curatos
1343 3045 1560 3108 immediatos.
1607 3042 1652 3104 Et
1671 3041 1698 3104 si

346 3165 490 3247 episcopi
516 3173 656 3246 possunt
682 3165 729 3228 sic
759 3185 871 3229 curam
897 3186 996 3247 agere
1022 3164 1175 3239 iacerent,
1203 3166 1280 3247 quia
1310 3186 1394 3228 onus
1421 3165 1562 3227 divisum
1593 3162 1698 3224 lenius

346 3293 505 3367 portaturae
519 3285 652 3367 quando
675 3286 899 3368 unusquisque
921 3286 1035 3349 debito
1057 3286 1157 3350 modo
1179 3287 1310 3368 proprio
1331 3285 1437 3348 officio
1458 3291 1564 3347 vacat.
1611 3281 1698 3346 Cura

346 3406 433 3468 enim
461 3407 776 3487 superintendeneiae
801 3416 835 3469 et
862 3427 939 3469 cura
969 3407 1170 3470 immediatae
1200 3405 1420 3470 attendenciae
1451 3402 1699 3485 compaciuntur

347 3525 540 3606 semetipsas
556 3525 589 3587 in
607 3546 671 3588 una
687 3546 828 3607 persona
848 3535 881 3589 et
900 3526 933 3588 in
952 3547 1018 3589 uno
1034 3526 1176 3602 homine,
1194 3535 1230 3588 ut
1246 3526 1374 3589 diverso
1390 3535 1538 3606 tempore
1561 3530 1699 3602 uterque

347 3666 433 3709 curae
454 3665 570 3709 vacare
592 3647 706 3728 possit.
754 3646 938 3729 Episcopus
961 3647 1049 3709 enim
1074 3646 1175 3710 habet
1198 3665 1310 3710 curam
1334 3644 1561 3707 immediatam
1584 3651 1617 3704 et
1641 3661 1700 3722 per

348 3787 384 3829 se
406 3766 514 3848 ipsum
537 3785 648 3828 curam
671 3775 784 3848 ageret
807 3768 1017 3848 praedicando
1044 3766 1207 3850 parochiis
1229 3787 1297 3828 suat
1320 3765 1478 3840 diocesis3
1509 3764 1579 3845 ipse
1610 3761 1698 3824 enim

347 3906 459 3949 curarn
485 3885 571 3948 illius
597 3886 735 3950 diocesis
765 3887 859 3969 gerit,
882 3896 918 3950 ut
941 3907 1001 3969 per
1024 3908 1059 3950 se
1082 3888 1190 3969 ipsum
1218 3895 1296 3968 agat
1319 3905 1394 3967 quae
1417 3882 1600 3947 necessaria
1622 3889 1699 3944 sunt

349 4005 446 4070 saluti
474 4027 542 4069 suae
573 4007 720 4084 diocesis,
742 4008 826 4070 sicut
857 4007 993 4090 Moyses
1022 4007 1139 4071 habuit
1165 4015 1395 4088 cooperatores
1423 4012 1459 4066 ut
1485 4021 1596 4066 secum
1624 4021 1698 4082 por-

349 4137 457 4190 tarent
480 4147 572 4204 onus‚
594 4146 660 4190 non
684 4146 744 4208 pro
769 4127 885 4206 Moise‚
909 4149 951 4191 ne
974 4128 1045 4210 ipse
1067 4127 1156 4190 solus
1178 4135 1369 4209 gravaretur
1391 4144 1490 4187 onere
1513 4142 1598 4185 curae
1621 4141 1699 4183 suae.

351 4247 422 4312 Oza
448 4247 535 4309 enim
561 4245 678 4311 Levita
703 4267 876 4328 percussus
903 4256 952 4311 est
975 4248 1017 4310 ad
1043 4255 1181 4311 mortem
1208 4247 1285 4328 quia
1308 4265 1373 4308 non
1399 4243 1542 4325 portavit
1565 4240 1699 4304 archam
