4338 4936
488 385 524 448 18
643 469 647 476 .
861 393 960 448 LOCI
987 395 1016 447 E
1044 393 1169 448 LIBRO
1206 392 1465 450 VERITATUM.

484 629 544 674 nec
566 609 729 692 aspiciunt
747 608 800 672 vel
821 609 1020 673 contrarium
1036 608 1165 672 veritati
1177 609 1328 690 judicant
1345 617 1377 671 et
1392 628 1505 671 verum
1526 607 1644 674 falsum
1668 616 1701 671 et
1722 607 1841 671 salsum

483 749 597 794 verum
613 751 686 794 esse
701 729 885 806 affirmant3
909 730 993 792 sicut
1010 739 1126 793 notum
1143 737 1192 792 est
1208 730 1332 792 denno
1348 730 1503 811 episcopo
1520 731 1552 792 in
1565 728 1694 802 Wallia,
1712 727 1841 792 famoso

483 851 664 932 quondam
674 851 780 931 gradu
801 858 834 913 et
855 850 1003 928 sciencia,
1019 850 1074 932 qui
1091 849 1179 926 olim,
1195 850 1276 912 dum
1296 849 1357 912 suit
1372 849 1449 913 vitae
1468 849 1574 928 bonae,
1590 849 1685 927 dixit,
1701 849 1841 931 scripsit,

484 980 519 1034 et
541 969 733 1052 praedicavit
754 970 924 1052 quomodo
948 970 1093 1052 episcopi
1114 969 1293 1033 residerent
1316 969 1348 1031 in
1371 970 1438 1032 suis
1461 969 1546 1033 curis
1568 978 1602 1033 et
1623 970 1841 1052 praedicarent

483 1088 585 1156 verbo
610 1099 644 1154 et
668 1089 834 1173 exemplo,
850 1100 882 1154 et
904 1099 1016 1154 tamen
1040 1100 1156 1171 postea
1177 1111 1235 1172 per
1251 1089 1444 1153 instanciam
1467 1091 1676 1155 dominorum
1700 1089 1840 1152 munda-

484 1230 610 1289 norum,
626 1210 687 1274 sibi
711 1211 743 1272 in
767 1209 942 1282 mundanis
965 1211 1213 1274 condicionibus
1234 1219 1268 1274 et
1290 1209 1428 1274 cautelis
1450 1209 1678 1288 consimilium,
1698 1210 1842 1292 adeptus

485 1340 536 1394 est
551 1331 778 1414 episcopatum
795 1331 828 1394 in
843 1329 964 1394 Wallia
982 1340 1016 1394 et
1037 1331 1174 1395 diversis
1193 1331 1287 1394 annis
1302 1330 1360 1393 vix
1381 1350 1482 1412 parvo
1503 1339 1653 1413 ternpore
1673 1329 1734 1393 suit
1756 1331 1841 1394 intra

484 1471 580 1516 suam
595 1451 761 1529 diocesim,
777 1452 835 1515 sed
852 1469 988 1514 manens
1004 1450 1188 1515 Londoniae
1207 1450 1399 1534 praedicavit
1420 1451 1544 1514 ibidem
1560 1451 1649 1534 quod
1667 1450 1840 1533 episcopus

485 1571 520 1636 in
539 1569 602 1636 hoc
622 1573 711 1654 quod
733 1581 783 1636 est
805 1571 979 1653 episcopus
1002 1591 1069 1635 non
1087 1579 1217 1634 tenetur
1234 1569 1368 1653 populo,
1390 1571 1582 1654 accipiendo
1606 1570 1706 1646 istum
1729 1571 1841 1634 termi-

485 1698 565 1755 num
593 1691 771 1776 praedicare
797 1690 930 1774 populo,
955 1690 1148 1774 accipiendo
1175 1691 1274 1754 istum
1302 1691 1489 1770 terminum,
1514 1691 1701 1773 praedicare,
1724 1690 1757 1752 in
1781 1709 1841 1754 sua

484 1811 612 1878 famosa
644 1811 899 1895 significacione‚
931 1821 965 1876 et
997 1812 1045 1876 sic
1078 1811 1217 1876 sciencia
1250 1812 1430 1875 destruitur
1462 1832 1522 1894 per
1555 1811 1840 1894 supervenientem

486 1933 709 2015 ignoranciam
726 1941 760 1996 et
775 1952 917 1996 errorem
933 1931 966 1994 in
982 1951 1118 2014 poenam
1134 1939 1342 2014 peccatorum
1359 1932 1620 2014 precedencium.

574 2051 794 2117 ‘Maledictus
815 2052 951 2115 dolosus
971 2052 1027 2134 qui
1046 2051 1147 2115 habet
1170 2051 1203 2114 in
1223 2072 1324 2135 grege
1345 2073 1403 2115 suo
1427 2052 1609 2116 masculum
1633 2061 1666 2116 et
1689 2051 1840 2116 immolat

487 2173 633 2238 Domino
655 2170 782 2252 debile,’
803 2173 884 2236 dicit
908 2173 1071 2235 Dominus
1095 2171 1270 2237 Malachiae
1294 2173 1409 2255 primo,
1430 2172 1590 2237 consimili
1613 2193 1691 2236 vero
1714 2173 1841 2236 ratione

487 2295 684 2359 maledictus
707 2305 801 2359 esta
825 2293 899 2356 Deo
926 2293 982 2374 qui
1010 2292 1101 2374 eligit
1126 2303 1160 2356 et
1187 2293 1243 2375 qui
1272 2292 1347 2375 eligi
1372 2303 1526 2374 procurat
1553 2303 1586 2357 et
1611 2294 1667 2376 qui
1692 2294 1840 2358 admittit

487 2415 521 2480 in
552 2415 699 2496 regimen
726 2413 839 2498 populi
868 2413 959 2476 etin
986 2433 1097 2476 curam
1127 2414 1311 2476 animarum
1339 2414 1544 2495 ignorantem
1572 2425 1605 2478 et
1631 2415 1773 2479 debilem
1805 2415 1838 2476 in

487 2535 610 2599 virtute
630 2537 672 2599 ad
694 2533 938 2598 reformandum
964 2533 1060 2610 mala,
1077 2541 1110 2596 et
1133 2543 1253 2615 potest,
1269 2535 1296 2596 si
1315 2535 1403 2610 velit,
1420 2535 1597 2598 admittere
1619 2557 1694 2599 eum
1718 2536 1750 2598 in
1772 2534 1840 2599 tale

488 2655 633 2719 officium
649 2655 705 2737 qui
728 2654 868 2718 habilior
883 2662 932 2717 est
948 2653 990 2716 ad
1011 2652 1075 2716 hoc
1093 2653 1162 2717 vita
1178 2664 1211 2717 et
1227 2653 1370 2734 scientia,
1386 2656 1542 2738 exemplo
1564 2657 1700 2719 Domini
1721 2655 1786 2738 qui,
1802 2665 1840 2718 ut

489 2785 583 2857 patet
610 2775 711 2838 Lucae
738 2781 792 2856 19⁰
814 2781 874 2848 ca0,
898 2773 1023 2837 donum
1049 2795 1070 2836 a
1094 2794 1188 2838 servo
1214 2774 1325 2839 ocioso
1348 2775 1496 2839 ablatum
1520 2777 1675 2858 praecepit
1702 2775 1839 2840 conferri

489 2894 535 2960 illi
559 2895 615 2978 qui
641 2894 758 2959 habuit
785 2891 899 2959 decem
927 2895 1032 2958 minas
1062 2914 1119 2958 seu
1147 2895 1264 2958 decem
1293 2895 1390 2975 dona,
1409 2897 1486 2978 quia
1513 2896 1567 2959 ille
1598 2897 1721 2977 majora
1752 2894 1840 2958 bona

489 3036 591 3098 opera
612 3014 734 3079 iecerat
757 3025 790 3078 et
812 3016 881 3079 vita
904 3025 938 3079 et
960 3015 1099 3078 sciencia
1125 3014 1266 3078 habilior
1288 3015 1350 3078 suit
1373 3037 1473 3100 quam
1497 3017 1551 3078 ille
1574 3017 1629 3098 qui
1653 3025 1740 3080 recte
1764 3037 1840 3080 usus

490 3135 595 3200 suerat
613 3137 758 3219 quinque
779 3136 884 3212 donis,
902 3145 935 3199 et
954 3135 1029 3199 ideo
1052 3135 1097 3198 illi
1120 3135 1214 3199 dedit
1236 3137 1389 3200 dominus
1411 3137 1536 3200 donum
1556 3137 1598 3200 ab
1617 3136 1728 3201 ocioso
1746 3157 1839 3200 servo

489 3256 650 3335 ablatum,
674 3257 729 3340 qui
755 3257 872 3320 melius
898 3256 979 3319 illud
1006 3255 1128 3319 habere
1156 3256 1284 3329 meruit,
1310 3267 1343 3320 et
1367 3257 1423 3338 qui
1448 3257 1565 3320 melius
1595 3257 1712 3339 potuit,
1739 3257 1839 3333 novit,

490 3386 524 3440 et
551 3377 654 3442 voluit
684 3377 740 3441 illo
771 3377 818 3440 uti
847 3376 890 3440 ad
923 3376 986 3440 Dei
1016 3375 1149 3440 laudem
1181 3385 1215 3440 et
1245 3377 1288 3440 ad
1319 3377 1501 3440 animarum
1533 3377 1681 3456 salutem,
1708 3387 1744 3441 ut
1774 3385 1839 3440 tes-

490 3507 581 3561 tatur
611 3497 753 3562 Sanctus
782 3496 968 3580 Jeronimus
998 3505 1112 3561 contra
1142 3496 1352 3578 Jovinianum
1382 3496 1563 3562 hereticum
1596 3497 1642 3560 li0.
1667 3497 1712 3580 ij0.
1770 3496 1838 3562 Sed

490 3618 604 3684 dicunt
631 3619 784 3702 episcopi,
810 3618 1001 3682 ‘Nescimus
1026 3617 1100 3700 quis
1124 3626 1173 3681 est
1200 3615 1341 3681 habilior
1366 3626 1403 3680 ut
1427 3618 1469 3681 sit
1493 3619 1525 3680 in
1556 3618 1663 3682 officio
1694 3617 1839 3682 ecclesiae

489 3739 533 3802 ad
548 3759 659 3803 curam
676 3734 880 3802 animarum’
925 3737 1064 3801 Talibus
1080 3737 1168 3801 enim
1185 3747 1298 3819 potest
1312 3745 1399 3800 recte
1415 3738 1490 3812 dici,
1508 3736 1627 3815 ‘Scitis
1643 3758 1839 3820 cognoscere

488 3859 554 3925 alia
580 3868 709 3923 terrena
736 3868 770 3922 et
794 3859 903 3923 dicere
931 3859 976 3921 sic
1003 3866 1036 3921 et
1062 3859 1108 3921 sic
1136 3869 1195 3934 est,
1219 3859 1276 3920 sed
1306 3857 1413 3921 dicitis
1438 3859 1470 3920 in
1495 3858 1709 3922 admittendis
1732 3857 1840 3920 horni-

487 3979 586 4043 nibus
615 3980 728 4044 officiis
759 3978 912 4053 ecclesiae,
940 3978 1103 4042 nescimus
1128 3979 1201 4060 quis
1229 3987 1279 4041 est
1304 3977 1422 4041 habilis
1448 3980 1491 4041 ad
1516 3977 1579 4042 hoc
1604 3998 1664 4042 nec
1690 3978 1762 4060 quis
1788 3986 1840 4042 est

489 4097 648 4178 habilior;
678 4101 829 4183 quamvis
856 4119 956 4183 opera
979 4099 1076 4173 bona,
1105 4099 1285 4175 maturitas
1312 4110 1434 4182 gestus,
1459 4108 1492 4162 et
1519 4120 1620 4182 opera
1647 4099 1779 4182 publica
1806 4099 1839 4161 in

485 4219 627 4286 salutem
654 4221 773 4285 animae
802 4219 889 4286 sacta
913 4222 1093 4285 ostendunt
1115 4221 1219 4285 virum
1245 4241 1317 4285 esse
1343 4220 1536 4284 habiliorem
1564 4219 1629 4284 alio
1652 4221 1693 4283 ad
1720 4219 1839 4301 guber·
