4338 4936
727 413 824 466 locs
852 413 880 465 E
910 414 1032 468 LIBRO
1069 415 1324 472 v'ElrlTATt'rr.
1662 425 1701 489 47

352 623 531 698 Trinitatis,
553 625 613 689 suit
639 637 846 690 consecratus
869 629 902 690 in
923 630 1137 707 sacerdotem,
1154 639 1187 693 et
1211 629 1243 691 in
1266 629 1350 692 icsto
1376 629 1462 692 illius
1479 628 1702 696 Sanctissimae

353 745 523 810 Trinitatis
556 745 617 810 luit
647 757 855 811 consecratus
889 750 922 811 in
953 749 1154 832 episcopum,
1193 760 1226 813 et
1263 751 1297 813 in
1330 751 1471 814 crastino
1508 751 1594 815 illius
1629 751 1703 816 festi

354 865 577 931 Sanctissimae
604 867 784 944 Trinitatis,
815 889 859 931 sc.
890 868 922 931 in
950 869 1004 932 die
1035 869 1148 948 Lunae,
1176 871 1265 934 idem
1293 871 1416 934 Beatus
1440 870 1598 951 Thomas,
1624 881 1702 937 tunc

354 985 598 1052 Cantuariensis
622 987 893 1071 archiepiscopus,
919 989 1062 1072 sigillum
1089 991 1214 1074 regium
1239 990 1327 1074 quod
1353 993 1424 1074 ipse
1453 993 1597 1074 portavit
1627 1013 1703 1057 can-

353 1108 503 1172 cellarius
533 1108 667 1192 Angliae
697 1110 786 1172 misit
816 1110 888 1191 regi
921 1110 1065 1174 Henrico
1094 1108 1135 1188 2⁰,
1167 1121 1245 1175 tunc
1281 1112 1348 1194 regi
1379 1111 1521 1194 Angliae,
1551 1123 1584 1176 et
1622 1112 1702 1178 illud

352 1230 495 1294 officium
523 1229 780 1295 Cancellariatus
808 1229 941 1314 Angliae
968 1231 1093 1295 dimisit
1119 1241 1153 1296 et
1180 1232 1389 1306 renunciavit,
1416 1234 1528 1298 dicens
1558 1235 1703 1316 seipsum

353 1350 544 1433 episcopum
574 1372 640 1414 non
671 1371 768 1433 posse
798 1351 906 1415 officio
936 1363 970 1416 et
1000 1352 1113 1416 debito
1144 1352 1230 1417 illius
1259 1352 1558 1436 archiepiscopatus
1591 1354 1704 1418 debite

352 1491 477 1549 vacare,
492 1472 552 1534 nisi
575 1471 757 1536 dimitteret
780 1472 922 1535 officium
941 1470 1199 1536 Cancellariatus
1214 1470 1359 1555 Angliae,
1375 1495 1419 1537 ex
1442 1495 1509 1556 quo
1532 1474 1620 1540 facto
1644 1495 1704 1537 rex

352 1590 485 1674 Angliae
522 1593 623 1656 iratus
653 1592 715 1657 fuit
751 1602 866 1657 contra
897 1593 1057 1657 Sanctum
1088 1593 1264 1671 Thomam,
1297 1594 1353 1675 qui
1382 1593 1524 1658 Sanctus
1554 1594 1704 1659 Thomas

353 1713 460 1776 nullos
486 1712 583 1776 solvit
607 1713 732 1796 primos
761 1712 886 1776 fructus
911 1733 967 1776 seu
998 1724 1142 1778 annuata
1173 1731 1270 1797 papae
1301 1715 1465 1792 Roman0,
1488 1716 1565 1798 quia
1595 1715 1704 1779 nullus

353 1834 526 1916 episcopus
562 1843 712 1916 tempore
749 1833 805 1897 illo
836 1833 950 1898 Sancti
981 1834 1122 1897 Thomae
1161 1834 1408 1898 Cantuariensis
1445 1834 1542 1899 solvit
1580 1837 1704 1918 primos

352 1954 474 2017 fructus
496 1975 552 2017 seu
572 1965 717 2019 annuata
736 1973 833 2037 papae
850 1954 1013 2031 Roman0,
1030 1974 1089 2017 nec
1112 1963 1220 2018 antea.
1260 1954 1380 2020 Postea
1400 1963 1479 2018 tunc
1502 1955 1533 2018 in
1555 1964 1705 2038 tempore

354 2074 452 2158 Papae
484 2075 637 2150 Romani,
668 2074 829 2156 Johannis
861 2091 910 2152 22,
940 2075 1037 2156 primi
1066 2074 1190 2138 fructus
1223 2075 1472 2157 episcopatuum
1507 2076 1539 2138 in
1571 2075 1704 2159 Anglia,

353 2195 408 2278 qui
432 2205 591 2259 vocantur
614 2205 737 2258 annata
763 2196 795 2258 in
819 2195 908 2260 curia
931 2194 1092 2271 Romana,
1115 2194 1198 2258 solvi
1221 2205 1385 2277 ceperunt,
1409 2216 1452 2258 ex
1476 2196 1595 2277 cupida
1617 2198 1723 2261 ordi.

353 2316 489 2379 nacione
520 2315 619 2398 Papae
648 2313 809 2396 Johannis
840 2313 890 2378 zai
921 2324 954 2378 et
991 2315 1052 2378 sibi
1086 2314 1317 2379 adherencium
1348 2317 1380 2379 in
1410 2317 1499 2379 curia
1530 2316 1703 2395 Romana3

354 2445 386 2498 et
416 2436 462 2499 sic
489 2435 558 2517 jam
590 2435 724 2498 inolevit
755 2437 787 2498 in
814 2434 938 2517 Anglia
963 2436 1051 2516 quod
1079 2455 1258 2500 concensus
1282 2437 1380 2518 Papae
1404 2435 1546 2499 Romani
1574 2446 1607 2499 et
1634 2437 1703 2519 ejus

353 2576 492 2620 carnerae
527 2564 560 2618 et
594 2575 774 2619 concensus
808 2556 892 2638 regis
926 2555 958 2617 in
989 2554 1122 2638 Anglia,
1155 2564 1189 2620 et
1226 2565 1314 2620 certa
1353 2556 1456 2620 millia
1491 2559 1702 2639 pecuniarum

353 2677 557 2741 constituunt
588 2677 778 2758 episcopum
807 2695 1037 2757 quemcunque
1063 2675 1132 2757 jam
1163 2677 1196 2738 in
1223 2675 1357 2759 Anglia,
1383 2686 1418 2740 ut
1449 2677 1492 2740 sit
1522 2678 1703 2760 episcopus.

355 2796 487 2861 Eleccio
517 2795 603 2859 enim
632 2795 777 2878 episcopi
806 2796 838 2858 in
865 2794 992 2878 Anglia
1017 2794 1080 2858 hiis
1107 2795 1223 2860 diebus
1248 2796 1347 2860 nichil
1374 2796 1452 2860 facit
1478 2797 1540 2860 nisi
1570 2799 1703 2862 nomine

352 2929 449 2982 tenus
471 2925 611 2990 tantum,
636 2927 671 2980 et
693 2917 768 2980 ideo
793 2915 937 2998 episcopi
962 2936 1027 2980 non
1053 2917 1178 2980 audent
1204 2917 1370 2982 offendere
1396 2918 1463 3000 regi
1490 2928 1523 2980 et
1549 2919 1616 2982 suis
1646 2939 1705 3000 per

353 3059 437 3120 quos
459 3037 710 3102 constituuntur.

440 3167 478 3234 [p.
494 3167 564 3233 421]
611 3158 649 3220 ln
676 3157 792 3221 diebus
825 3157 960 3221 Henrici
987 3154 1027 3234 6¹,
1056 3155 1190 3240 Angliae
1221 3159 1314 3242 regis,
1345 3159 1461 3223 diversi
1491 3159 1704 3241 optinuerunt

353 3279 395 3342 ab
426 3279 499 3362 ipso
532 3299 609 3362 rege
641 3279 702 3342 sub
738 3277 845 3361 sigillo
875 3298 935 3341 suo
965 3276 1145 3352 licenciam,
1181 3288 1217 3342 ut
1249 3299 1345 3362 papae
1377 3279 1520 3343 Romani
1551 3278 1703 3342 Nicholai

353 3399 460 3482 quinti
486 3401 709 3482 provisionem
733 3399 776 3462 ad
804 3399 1012 3482 episcopatus
1037 3406 1315 3480 acceptarentet
1342 3421 1401 3482 pro
1426 3400 1481 3462 illa
1506 3399 1661 3463 habenda
1684 3420 1704 3462 a

353 3541 441 3604 papa
465 3541 524 3604 per
546 3520 717 3584 licenciam
741 3520 827 3602 regis
850 3519 1045 3596 laborarent,
1070 3528 1104 3581 et
1124 3528 1161 3581 ut
1185 3539 1282 3602 papae
1306 3519 1491 3585 laborarent
1514 3541 1574 3601 pro
1596 3540 1704 3583 cassa-

354 3641 449 3704 cione
482 3640 597 3704 habita
630 3661 687 3704 seu
720 3639 874 3704 habenda
909 3659 968 3720 pro
1006 3638 1117 3721 aliqua
1146 3659 1286 3723 persona
1323 3639 1386 3706 alia
1424 3660 1523 3721 quam
1553 3660 1614 3722 pro
1648 3639 1704 3706 illa

352 3781 503 3844 persona,
521 3781 622 3843 quam
646 3783 705 3826 rex
729 3761 911 3824 licentiavit
934 3760 976 3823 ad
1000 3759 1240 3842 acceptandum
1264 3761 1484 3842 provisionem
1506 3779 1611 3842 papae.
1658 3759 1704 3824 Et

354 3882 400 3946 sic
426 3881 488 3945 suit
512 3883 685 3966 episcopus
711 3882 919 3946 Menevensis
945 3901 1029 3946 unus
1055 3880 1175 3944 aularis
1205 3881 1290 3964 regis
1316 3889 1454 3945 voratus
1476 3880 1519 3944 de
1545 3880 1578 3944 la
1601 3880 1704 3958 Meet,

355 4012 388 4067 et
415 4003 460 4066 sic
487 4003 549 4066 luit
581 4003 730 4085 provisus
754 4023 815 4085 per
841 4021 962 4084 papam
993 4002 1026 4064 in
1056 4002 1255 4066 decanatum
1278 4022 1435 4084 magnum
1459 4001 1703 4068 Eboracensem

354 4123 490 4205 quidam
523 4123 685 4186 Ricardus
716 4121 873 4198 Andrew,
907 4121 1054 4199 civilista,
1085 4133 1119 4186 et
1145 4122 1191 4185 sic
1221 4121 1281 4184 suit
1313 4121 1460 4205 provisus
1494 4142 1552 4204 per
1581 4141 1703 4204 papam

356 4243 554 4309 Nicholaum
578 4253 620 4322 5³¹
650 4243 682 4307 in
714 4242 993 4324 archiepiscopum
1025 4242 1268 4308 Eboracensem
1299 4241 1484 4305 Willelmus
1515 4241 1612 4318 Buth,
1647 4242 1703 4323 qui
