4378 4936
499 409 540 479 92
872 400 970 458 LOCI
997 401 1027 455 E
1055 399 1178 456 LIBRO
1214 399 1471 456 VERITATUM.

499 613 612 679 chielis
642 621 696 701 13⁰
722 622 797 693 ca⁰.,
819 615 972 682 ‘Violant
993 619 1063 680 'me
1099 617 1143 680 ad
1180 615 1340 699 populum
1371 635 1481 679 meum
1515 623 1650 698 propter
1686 611 1848 697 pugillum

497 736 599 816 ordei,
624 736 685 802 ie.
707 758 768 820 pro
791 738 896 817 donis,
917 748 955 802 ut
975 737 1185 816 vivificarent,
1207 757 1252 801 sc.
1266 736 1347 802 salse
1368 735 1518 810 dicendo,
1539 735 1667 800 animas
1687 754 1762 817 quae
1781 753 1848 798 non

498 856 621 934 vivunt,
647 858 849 923 mencientes
878 857 1003 942 populo
1030 878 1105 922 meo
1135 857 1282 922 credenti
1313 854 1511 931 mendaciis,’
1537 855 1557 919 i.
1574 878 1602 921 e.
1627 855 1717 920 salsis
1740 854 1848 919 verbis

498 975 639 1042 violatus
665 978 759 1042 Deus
784 989 880 1055 esset,
909 989 943 1043 et
967 978 1109 1043 violatus
1139 978 1302 1043 diceretur
1331 979 1357 1042 si
1383 977 1589 1060 voluptatem
1615 975 1743 1060 peccati
1773 975 1847 1039 dili·

485 1104 591 1180 ¹geret
613 1098 694 1162 etsi
717 1117 775 1182 per
795 1099 875 1164 talia
896 1119 997 1182 opera
1012 1099 1142 1164 veniam
1163 1107 1306 1162 suamet
1323 1098 1468 1180 graciam
1491 1095 1659 1164 conferret.
1687 1094 1848 1160 ‘Pecunia

498 1213 575 1296 tua,’
594 1217 700 1301 inquit
720 1217 861 1284 Sanctus
877 1219 1002 1296 Petrus,
1020 1223 1150 1286 ‘tecum
1174 1220 1217 1283 sit
1241 1219 1274 1282 in
1295 1218 1526 1303 perdicionem,
1543 1217 1621 1301 quia
1641 1217 1766 1281 donum
1782 1213 1847 1280 Dei

497 1337 697 1404 existimasti
719 1341 858 1423 pecunia
883 1340 1042 1422 possideri
1057 1337 1076 1418 ;'
1102 1339 1251 1404 Actuum
1274 1336 1317 1402 8⁰.
1363 1339 1527 1404 Converte
1551 1359 1630 1422 ergo
1652 1358 1713 1402 nos
1734 1336 1777 1402 ad
1801 1344 1846 1410 te,

498 1455 530 1522 Ο
547 1457 641 1523 Deus
655 1459 806 1524 salutaris
821 1461 950 1525 noster!
972 1469 1006 1525 et
1020 1459 1104 1525 sicut
1118 1459 1215 1524 luerit
1229 1459 1381 1524 voluntas
1397 1459 1429 1523 in
1446 1458 1531 1538 coelo
1547 1459 1593 1524 sic
1608 1457 1677 1523 fiat.
1701 1456 1824 1524 Amen.

584 1578 774 1663 Septimum
803 1579 926 1644 flumen
957 1579 1158 1644 Babilonicae
1193 1579 1392 1646 confusionis
1427 1578 1522 1663 plura
1556 1599 1657 1662 opera
1690 1577 1779 1643 bona
1812 1587 1847 1643 et

495 1697 625 1762 animas
656 1699 829 1764 destruens
864 1711 898 1766 et
933 1699 1021 1764 mala
1056 1720 1195 1764 causans
1227 1709 1278 1764 est
1312 1701 1435 1788 abusus
1468 1699 1754 1783 dispensacionum
1789 1718 1846 1762 seu

495 1817 706 1883 licenciarum
728 1819 896 1903 papalium
918 1829 952 1885 et
973 1820 1112 1884 aliorum
1134 1820 1362 1904 episcoporum
1385 1830 1419 1886 et
1441 1820 1700 1903 praesidencium.
1743 1818 1847 1884 Teste

497 1937 585 2002 enim
604 1939 755 2022 apostoli,
773 1948 806 2006 2⁸
824 1940 868 2005 ad
885 1938 1081 2006 Corintheos
1097 1939 1224 2019 ultimo,
1239 1941 1376 2024 loquens
1391 1941 1434 2004 de
1451 1940 1620 2023 apostolis,
1639 1939 1735 2004 ‘Non
1757 1939 1845 2004 enim

497 2078 673 2141 possumus
701 2059 826 2144 aliquid
855 2059 1014 2125 adversus
1042 2060 1226 2137 veritatem,
1257 2062 1316 2124 sed
1346 2081 1407 2144 pro
1437 2059 1585 2125 veritate.
1640 2059 1845 2126 Potestatem

494 2179 584 2243 enim
607 2179 707 2245 michi
730 2181 823 2246 dedit
846 2181 1011 2245 Dominus
1036 2181 1069 2245 in
1092 2181 1350 2245 aedificacionem
1376 2191 1410 2246 et
1435 2201 1501 2244 non
1528 2181 1561 2244 in
1584 2179 1845 2245 destruccionem

495 2298 659 2364 vestram?
705 2300 781 2366 Hoc
804 2301 848 2364 ibi
867 2299 1037 2383 apostolus
1055 2308 1088 2364 α·
1102 2301 1145 2365 ad
1163 2299 1360 2366 Corintheos
1381 2307 1436 2386 13⁰
1456 2307 1517 2366 ca0.
1563 2297 1716 2378 ‘Nichil,’
1732 2299 1845 2382 inquit,

497 2425 690 2501 ‘possumus
715 2431 829 2485 contra
850 2420 1044 2497 veritatem,’
1071 2441 1115 2485 sc·
1143 2441 1203 2486 nec
1233 2422 1318 2500 vitae,
1343 2443 1404 2486 nec
1430 2431 1544 2486 contra
1569 2421 1743 2486 veritatem
1767 2419 1845 2485 doc-

495 2537 598 2618 trinae,
614 2559 675 2604 nec
694 2539 844 2623 justiciae,
860 2549 897 2605 ut
918 2541 1063 2607 declarat
1084 2542 1215 2626 egregie
1236 2543 1364 2607 Doctor
1384 2541 1564 2607 Nicholaus
1585 2539 1724 2606 Gorram
1747 2559 1846 2623 super

497 2659 684 2742 Epistulam
707 2659 896 2727 Secundam
920 2663 963 2726 ad
988 2661 1206 2742 Corintheos;
1232 2673 1270 2727 'et
1296 2663 1371 2728 ideo
1392 2663 1472 2728 dicit
1494 2673 1627 2727 sanctus
1650 2662 1741 2745 Papa
1763 2659 1845 2726 Gre-

494 2781 606 2864 gorius
631 2801 730 2864 super
753 2781 982 2848 Ezechielem:
1012 2783 1149 2848 ‘Pocius
1172 2784 1295 2847 oriatur
1320 2782 1522 2862 scandalum,
1545 2804 1589 2848 sc.
1612 2782 1740 2848 occasio
1766 2781 1844 2845 mali

495 2901 594 2965 fiendi
621 2922 680 2985 per
705 2902 787 2966 alios
813 2923 914 2986 quam
940 2904 1060 2969 veritas
1086 2903 1296 2986 relinquatur,
1320 2923 1364 2967 sc.
1393 2903 1576 2968 necessaria
1603 2913 1637 2968 et
1662 2901 1844 2985 expediens

494 3021 616 3088 veritas
638 3022 681 3086 ad
704 3023 845 3088 salutem
868 3023 1070 3102 animarum,'
1090 3035 1127 3089 ut
1149 3033 1290 3089 testatur
1311 3024 1444 3103 ibidem,
1464 3043 1636 3106 exponens
1659 3023 1723 3088 ista
1744 3022 1845 3088 verba

495 3141 641 3220 Domini,
670 3141 797 3208 Mathei
828 3151 901 3226 15⁰:
936 3143 1062 3210 ‘Sinite
1087 3144 1169 3223 illos,
1192 3165 1236 3209 sc.
1260 3143 1441 3220 Phariseos,
1467 3142 1689 3219 scandalizari,
1716 3143 1774 3208 ie.
1799 3139 1843 3206 ad

496 3261 619 3326 malum
642 3264 763 3328 moveri
789 3267 970 3342 occasione,
995 3286 1096 3348 quam
1124 3263 1210 3329 male
1234 3265 1399 3348 accipiunt
1425 3285 1469 3329 ex
1493 3263 1600 3328 verbis
1625 3263 1707 3328 meis
1730 3259 1845 3328 bonis?

496 3383 613 3449 Pocius
642 3385 730 3449 enim
756 3385 915 3450 debemus
945 3387 1136 3470 permittere
1166 3384 1255 3450 mala
1283 3385 1361 3463 fieri,
1386 3405 1461 3468 quae
1486 3385 1646 3468 impedire
1675 3403 1741 3448 non
1768 3404 1844 3467 pos·

494 3525 616 3584 sumus,
642 3525 743 3588 quam
769 3528 790 3571 a
816 3506 904 3571 bono
934 3527 1069 3583 cessare,
1096 3507 1140 3571 ad
1167 3506 1256 3589 quod
1283 3515 1443 3570 tenemur.
1492 3506 1565 3570 Nec
1595 3504 1843 3570 concedendum

494 3634 544 3688 est
570 3625 695 3689 bonurn
718 3647 785 3690 non
808 3627 1027 3691 necessarium
1050 3627 1127 3701 fieri,
1151 3626 1240 3690 unde
1262 3625 1327 3690 alia
1348 3626 1438 3690 bona
1463 3635 1497 3690 et
1522 3625 1607 3690 sorte
1633 3623 1757 3708 majora
1782 3643 1843 3707 pro

494 3743 552 3810 illo
581 3746 670 3810 bono
699 3745 809 3812 fiendo
835 3747 1057 3811 destruuntur.
1102 3746 1295 3810 ‘Faciamus
1322 3746 1410 3812 mala
1436 3755 1473 3810 ut
1498 3745 1692 3810 habundent
1717 3741 1845 3808 bona?'

494 3864 631 3944 ‘Absit’
646 3867 752 3950 inquit
772 3868 951 3952 apostolus.
996 3869 1075 3932 Non
1096 3877 1146 3931 est
1167 3888 1245 3951 ergo
1264 3868 1389 3931 bonum
1409 3866 1574 3931 absentari
1590 3887 1610 3930 a
1625 3885 1703 3931 cura
1717 3865 1843 3929 anima·

493 4007 574 4067 rum,
598 4007 658 4052 nec
688 3989 843 4053 ecclesias
873 3998 906 4054 et
939 4009 1050 4053 curam
1080 3988 1265 4052 animarum
1294 3988 1418 4054 destrui
1448 4008 1507 4071 per
1535 3987 1842 4070 appropriacionem

493 4106 546 4170 vel
569 4107 792 4190 pluralitatem
814 4130 874 4193 pro
895 4109 1038 4173 minimis
1058 4109 1154 4174 bonis
1174 4109 1300 4174 fiendis.
1346 4108 1444 4172 Plura
1464 4109 1552 4174 enim
1575 4107 1674 4173 licent
1694 4107 1727 4170 in
1752 4113 1843 4170 certo

494 4236 652 4312 tempore,
672 4251 745 4312 quae
762 4252 827 4296 non
844 4251 974 4314 semper
994 4230 1094 4296 licent
1115 4251 1174 4296 nec
1191 4230 1395 4314 expediunt3
1419 4239 1452 4294 et
1476 4229 1551 4293 ideo
1569 4227 1649 4294 dicit
1664 4225 1842 4312 apostolus,
