4378 4936
481 423 542 486 114
856 413 957 470 LOCI
982 414 1012 468 E
1040 413 1165 470 LIBRO
1200 413 1459 472 VERITATUM.

479 629 742 714 hospitalitatem
779 629 826 694 eis
862 630 1021 708 tribuunt,
1057 649 1119 694 nec
1155 629 1318 694 auxilium
1355 629 1390 692 in
1426 629 1565 713 agendis
1603 629 1836 694 necessarium.

480 751 647 816 Dominus
673 751 762 815 enim
788 751 882 815 Deus
907 751 1003 815 dedit
1029 759 1161 815 tantum
1185 752 1311 816 victum
1336 751 1453 814 decem
1476 750 1703 815 sacerdotibus
1732 771 1837 833 quan·

479 881 554 936 tum
574 872 668 937 dedit
687 870 758 937 xxi¹
773 871 908 951 Levitis,
924 880 958 936 et
978 880 1110 936 tanturn
1124 871 1249 936 victum
1265 871 1321 934 uni
1344 871 1508 936 sacerdoti
1526 879 1687 954 quantum
1705 871 1837 935 duobus

480 991 621 1069 Levitis,
650 1001 686 1058 et
718 1011 817 1057 causa
850 991 913 1056 luit
942 1000 1078 1075 propter
1107 991 1339 1056 necessitatem
1368 992 1419 1054 sui
1448 991 1555 1070 officii,
1581 993 1660 1074 quia
1689 991 1836 1074 pluribus

479 1112 661 1196 indigebat,
689 1122 724 1178 et
751 1113 857 1178 eciam
883 1112 961 1196 quia
990 1113 1144 1177 sacerdos
1170 1111 1287 1176 melius
1313 1113 1411 1178 sciret
1437 1113 1606 1196 quomodo
1636 1122 1672 1178 et
1695 1111 1837 1195 qualiter

480 1233 540 1298 illa
560 1233 649 1298 bona
670 1233 876 1316 dispensaret
899 1241 934 1297 et
955 1233 1170 1317 expenderet,
1185 1233 1228 1297 ad
1249 1233 1314 1297 Dei
1336 1232 1471 1297 laudem
1492 1233 1786 1316 augmentandam,
1803 1239 1837 1296 et

481 1355 525 1419 ad
555 1353 741 1419 animarum
765 1353 907 1419 salutem
930 1353 1174 1437 acquirendam,
1200 1363 1238 1419 ut
1263 1362 1405 1418 testatur
1428 1353 1572 1419 Sanctus
1594 1353 1781 1435 Jeronimus
1803 1352 1837 1414 in

481 1474 739 1540 Commentariis
761 1475 829 1539 suis
851 1495 950 1558 super
977 1473 1189 1540 Ezechielem
1209 1473 1416 1556 prophetam,
1438 1474 1477 1537 li⁰
1491 1474 1586 1558 xiiij⁰,
1602 1474 1656 1538 De
1677 1473 1839 1538 divisione

481 1604 579 1659 terrae
602 1595 852 1678 promissionis;
883 1595 942 1660 sed
968 1595 1025 1678 qui
1048 1615 1132 1659 onus
1158 1603 1193 1660 et
1213 1614 1326 1659 curam
1347 1596 1531 1660 animarum
1553 1594 1688 1674 habent,
1714 1603 1748 1660 et
1770 1613 1838 1657 non

479 1714 608 1780 iaciunt
634 1717 724 1799 quod
747 1725 903 1781 tenentur
928 1715 1045 1794 facere,
1068 1715 1213 1780 latrones
1239 1725 1327 1780 sunt.
1373 1711 1538 1794 ‘Omnes'
1560 1716 1668 1799 inquit
1693 1715 1783 1780 Xtus
1803 1714 1839 1778 in

481 1835 675 1919 Evangelio,
699 1837 774 1919 ‘qui
799 1845 879 1900 ante
901 1856 956 1900 me
976 1847 1138 1901 venerunt
1160 1835 1247 1900 iures
1269 1846 1347 1902 sunt
1376 1846 1410 1900 et
1432 1836 1576 1901 latrones
1587 1835 1604 1915 ;’
1639 1856 1705 1900 non
1723 1835 1837 1917 inquit,

483 1955 541 2039 qui
561 1955 652 2020 missi
673 1965 751 2021 sunt
771 1967 850 2021 ante
872 1977 935 2034 me,
950 1956 1010 2021 sed
1030 1956 1086 2040 qui
1107 1977 1167 2020 sua
1186 1965 1307 2040 sponte
1325 1967 1493 2034 venerunt,
1511 1977 1577 2022 non
1600 1957 1690 2020 missi
1712 1978 1733 2021 a
1751 1956 1839 2030 Deo,

482 2076 616 2144 luerunt
641 2076 729 2142 sures
756 2088 789 2143 et
812 2078 982 2155 latrones3
1017 2097 1084 2141 non
1111 2078 1188 2160 quia
1218 2099 1296 2142 oves
1324 2088 1358 2144 et
1384 2079 1486 2142 boves
1507 2079 1540 2141 vi
1570 2085 1756 2160 rapuerunt,
1779 2075 1839 2140 sed

481 2198 573 2280 quod
591 2206 630 2262 ut
649 2197 736 2262 sures
750 2207 920 2274 venerunt,
935 2217 980 2262 sc.
995 2197 1040 2261 ad
1062 2199 1277 2262 mactandum
1296 2209 1331 2264 et
1348 2200 1564 2282 perdendum,
1580 2207 1613 2262 et
1635 2196 1698 2262 hoc
1713 2197 1839 2261 bonum

482 2320 636 2384 debitum
663 2340 730 2384 non
755 2319 962 2398 conserendo,
985 2318 1039 2382 vel
1069 2319 1275 2396 retrahendo,
1302 2341 1346 2384 ex
1372 2340 1441 2402 quo
1470 2319 1600 2383 delectu
1622 2319 1677 2383 alii
1708 2318 1840 2401 spiritu·

483 2442 581 2506 aliter
603 2441 787 2506 moriuntur
812 2449 846 2504 et
870 2440 913 2504 ab
938 2440 1070 2504 inimico
1096 2441 1212 2523 spiritu
1237 2442 1443 2522 devorantur,
1468 2443 1524 2525 qui
1551 2442 1638 2505 enim
1665 2439 1840 2505 defraudat

482 2584 665 2648 pauperem
691 2584 812 2646 panem
838 2562 888 2626 vir
913 2564 1083 2646 sanguinis
1109 2574 1169 2640 est,
1197 2565 1255 2628 i.e.
1282 2564 1452 2628 homicidii
1476 2585 1558 2642 reus,
1584 2563 1640 2642 sic,
1662 2583 1684 2626 a
1705 2561 1840 2638 fortiori,

483 2688 571 2751 latro
601 2695 652 2750 est
687 2686 744 2768 qui
773 2683 877 2749 inficit
913 2684 1002 2749 malo
1030 2685 1133 2750 verbo
1166 2706 1224 2749 seu
1260 2685 1349 2750 malo
1384 2686 1541 2768 exemplo
1573 2684 1752 2759 hominem,
1781 2682 1839 2764 qui

483 2809 603 2872 nititur
631 2815 665 2872 et
695 2815 833 2871 conatur
863 2805 1029 2871 retrahere
1059 2808 1102 2870 ab
1133 2828 1173 2870 eo
1202 2807 1328 2870 bonum
1363 2806 1470 2889 majus
1503 2827 1603 2888 quam
1633 2813 1684 2869 est
1713 2805 1839 2868 bonum

483 2927 677 2993 diviciarum
714 2928 838 3006 mundi,
874 2948 949 3011 quae
986 2928 1075 2993 bona
1112 2928 1334 2993 indifferencia
1372 2928 1416 2992 ab
1453 2927 1597 3010 antiquis
1634 2923 1840 3009 philosophis

484 3049 707 3114 nominantur.
753 3049 850 3127 Item,
873 3049 929 3131 qui
956 3049 1094 3113 retrahit
1116 3071 1138 3113 a
1161 3050 1236 3114 Deo
1262 3051 1390 3114 animas
1412 3069 1472 3132 per
1493 3049 1660 3112 delectum
1682 3047 1761 3110 boni
1781 3047 1840 3110 de·

485 3169 547 3235 biti
575 3170 622 3234 eis
649 3169 759 3248 fiendi,
783 3171 928 3234 latrones
954 3180 1032 3234 sunt
1059 3191 1170 3235 coram
1193 3171 1280 3234 Deo.
1334 3171 1365 3236 Ο
1393 3179 1474 3253 quot
1494 3169 1687 3233 fundatores
1708 3167 1840 3232 ecclesi·

484 3313 592 3368 arum,
614 3292 899 3367 monasteriorum,
924 3301 958 3356 et
980 3291 1193 3375 collegiorum
1215 3292 1287 3375 jam
1309 3313 1421 3356 coram
1446 3291 1523 3356 Deo
1544 3290 1660 3355 dicunt
1682 3289 1838 3366 fundatis,

485 3413 611 3477 ‘Fures
635 3412 722 3491 estis,
744 3413 822 3494 quia
847 3432 948 3494 opera
977 3414 1066 3478 bona
1095 3424 1129 3478 et
1151 3415 1266 3478 debita
1295 3433 1361 3477 non
1383 3412 1514 3491 lecistis,
1537 3431 1595 3476 nec
1617 3410 1839 3474 intencionem

484 3533 692 3598 fundacionis
718 3543 839 3596 nostrae
868 3532 998 3612 lecistis,
1021 3544 1055 3598 et
1085 3535 1131 3599 sic
1157 3535 1308 3598 fraudem
1330 3533 1509 3598 intencioni
1533 3541 1655 3596 nostrae
1680 3541 1715 3596 et
1744 3531 1840 3595 nobis

484 3653 619 3732 fecistis,
637 3654 716 3737 quia
737 3652 809 3717 haec
830 3674 931 3736 opera
949 3654 1063 3719 debita
1087 3675 1153 3718 non
1176 3654 1307 3728 lecistis,
1324 3654 1407 3732 ideo,
1423 3654 1500 3717 “Ite
1517 3675 1538 3718 a
1559 3673 1621 3727 me,
1641 3647 1840 3727 maledicti,”

487 3776 569 3840 dicit
587 3775 760 3854 Dominus,
779 3775 863 3840 Mat.
880 3792 899 3839 2
901 3781 946 3859 5⁰.
991 3775 1053 3840 Per
1071 3796 1138 3840 non
1158 3777 1339 3842 residentes
1355 3776 1388 3838 in
1409 3775 1494 3839 curis
1509 3774 1576 3837 suis
1598 3783 1632 3838 et
1647 3793 1706 3856 per
1720 3793 1839 3856 appro-

486 3897 688 3980 priacionem
713 3897 923 3961 ecclesiarum
946 3897 1092 3962 ecclesiae
1114 3908 1263 3980 pereunt,
1284 3907 1318 3962 et
1341 3917 1436 3976 curae,
1458 3907 1492 3961 et
1513 3895 1606 3959 valor
1626 3894 1782 3973 ecclesiae,
1801 3901 1840 3958 ut

484 4018 555 4100 jam
570 4027 664 4100 patet
679 4018 712 4082 in
727 4018 791 4082 hoc
807 4028 957 4102 tempore
969 4019 1104 4102 quando
1121 4020 1258 4083 diversae
1273 4019 1420 4084 ecclesiae
1431 4027 1510 4082 ante
1524 4015 1839 4102 appropriacionem,

488 4157 564 4202 cum
579 4140 778 4204 residentem
794 4150 955 4204 rectorem
970 4141 1165 4220 habuerunt,
1180 4142 1337 4206 valebant
1353 4149 1486 4205 centum
1501 4139 1610 4218 libras,
1625 4147 1668 4217 et,
1683 4157 1766 4201 mox
1779 4155 1841 4218 per

487 4259 794 4343 appropriacionem
818 4269 851 4327 et
875 4271 951 4346 post
978 4283 1046 4327 non
1071 4263 1297 4340 residenciam,
1319 4263 1377 4328 vix
1403 4261 1541 4326 dimidia
1566 4279 1697 4324 summa
1722 4255 1840 4342 prioris
