4378 4936
494 400 554 466 128
872 401 971 458 LOCI
996 402 1025 456 E
1054 402 1177 457 LIBRO
1214 403 1471 462 VERITATUM.

490 625 571 690 talia
586 623 676 688 lucra
691 630 809 706 optant
825 622 915 704 leges
930 621 1126 703 transgredi.
1149 621 1255 702 ‘Jam,'
1272 622 1431 704 inquiunt,
1450 629 1600 706 ‘surgunt
1615 623 1704 689 lucra
1720 636 1840 704 nostra,

489 746 625 828 quando
646 744 798 808 homines
819 752 959 826 peccant
982 750 1097 805 contra
1123 739 1233 824 leges,’
1259 754 1292 807 et
1315 743 1361 807 sic
1384 743 1538 807 laetantur
1564 744 1597 808 in
1620 746 1716 810 rebus
1738 747 1840 830 pessi-

491 867 561 947 mis,
584 877 721 950 propter
741 864 869 929 lucrum
892 864 1073 947 pessimum
1096 865 1186 946 quod
1210 865 1358 947 sequitur
1379 885 1424 928 ex
1446 875 1584 948 peccato
1605 863 1755 930 aliorum.

576 986 701 1051 Audivi
723 986 811 1050 enim
835 1005 937 1048 unum
958 983 1201 1049 baccalaurium
1222 976 1334 1068 legum
1358 985 1533 1064 dicentem,
1550 986 1709 1050 ‘Utinam
1730 997 1839 1052 essent

489 1107 600 1191 plures
621 1106 848 1171 malefactores
869 1125 968 1188 quam
991 1114 1077 1177 sunt,
1094 1105 1170 1188 quia
1193 1114 1272 1169 ωηο
1295 1125 1356 1168 nos
1378 1103 1507 1187 legistae
1527 1105 1724 1171 haberemus
1746 1128 1837 1190 mag-

489 1248 567 1292 num
586 1227 711 1292 lucrum
722 1223 739 1286 l’
762 1237 795 1290 et
816 1226 862 1290 sic
882 1226 1011 1308 optavit
1031 1235 1067 1288 ut
1088 1233 1197 1288 essent
1217 1224 1304 1296 mali,
1320 1234 1456 1308 propter
1475 1225 1601 1290 lucrum
1622 1228 1712 1309 quod
1734 1229 1840 1292 inten-

488 1348 589 1412 debat
612 1367 670 1430 per
692 1346 967 1430 implacitationes
990 1345 1123 1409 habere.

574 1477 609 1544 [p.
626 1476 661 1541 ⁶.]
706 1467 851 1531 Domine
871 1467 982 1530 Deusl
1009 1466 1061 1542 da,
1085 1475 1121 1528 ut
1144 1465 1288 1547 episcopi
1311 1475 1344 1528 et
1368 1465 1494 1548 praelati
1518 1467 1584 1530 sint
1607 1466 1653 1530 ita
1677 1467 1771 1550 proni
1794 1468 1836 1531 ad

489 1589 689 1653 mittendum
712 1588 817 1652 bonos
844 1596 878 1652 et
899 1607 994 1651 veros
1020 1587 1171 1651 doctores
1196 1587 1229 1648 in
1253 1606 1394 1650 messem
1417 1596 1519 1662 tuam,
1544 1587 1563 1649 i.
1576 1608 1603 1651 e.
1624 1589 1656 1650 in
1675 1587 1835 1670 populum

487 1718 591 1788 tuum,
617 1711 701 1774 sicut
725 1729 829 1790 nuper
852 1707 984 1772 luerunt
1010 1706 1138 1789 praelati
1164 1707 1258 1788 proni
1285 1707 1328 1769 ad
1354 1707 1587 1788 praedicatores
1613 1709 1836 1788 revocandos3

487 1839 674 1894 statuerunt
697 1829 785 1892 enim
810 1828 977 1892 neminem
999 1827 1178 1910 praedicar'e
1199 1847 1299 1909 quem
1322 1837 1460 1909 possunt
1483 1828 1651 1910 impedire,
1674 1829 1737 1892 nisi
1760 1829 1837 1892 talis

487 1950 548 2014 luit
566 1951 622 2033 qui
645 1969 759 2014 eorum
780 1947 932 2013 habuerit
955 1948 1130 2024 licentiam,
1149 1967 1208 2030 pro
1231 1969 1296 2030 qua
1316 1948 1501 2011 obtarenda
1522 1948 1627 2012 solvet
1652 1950 1836 2030 pecuniam.

486 2069 539 2134 Tu
562 2072 689 2146 dixisti,
713 2069 857 2133 Domine
878 2069 967 2150 Jesu‚
990 2067 1138 2133 ‘Solvite
1160 2069 1297 2144 asinum,
1322 2079 1355 2132 et
1379 2068 1534 2132 adducite
1557 2067 1677 2134 michi.’

573 2201 600 2268 [p
623 2201 659 2269 9·]
705 2191 780 2274 Ego
803 2192 929 2263 doctor,
945 2191 1001 2272 qui
1025 2189 1096 2253 haec
1119 2190 1242 2272 scripsi,
1267 2190 1343 2252 novi
1370 2191 1460 2272 quod
1484 2211 1568 2254 unus
1590 2190 1729 2254 ballivus
1752 2191 1836 2274 regis

487 2313 520 2376 in
543 2323 693 2395 tempore
718 2312 853 2376 Henrici
872 2311 999 2394 Quinti,
1023 2311 1108 2392 regis
1126 2310 1269 2393 Angliae,
1293 2312 1425 2375 nomine
1447 2311 1615 2392 Johanues
1637 2311 1836 2390 Richworth,

487 2435 574 2499 dixit
601 2435 657 2497 uni
682 2436 773 2498 viro:
806 2431 957 2511 ‘Hodie’
984 2433 1099 2515 inquit,
1124 2433 1318 2516 ‘pecuniam
1342 2453 1407 2497 ηοη
1430 2455 1503 2497 sum
1530 2433 1681 2498 lucratus.
1729 2434 1836 2496 Immo

487 2556 575 2650 dabo
599 2555 667 2632 tibi,
690 2554 743 2617 vel
768 2554 950 2636 cuicunque
972 2553 1075 2628 alteri,
1102 2553 1158 2636 qui
1184 2553 1354 2636 perturbet
1380 2574 1496 2636 pacem
1523 2554 1555 2617 in
1582 2554 1643 2618 hac
1668 2553 1746 2618 villa
1771 2555 1835 2618 isto

487 2675 550 2753 die,
572 2696 672 2738 unam
699 2675 857 2758 potellam
881 2673 956 2752 vini,
983 2673 1060 2756 quia
1085 2683 1163 2738 ωηο
1190 2673 1324 2738 lucrabo
1347 2676 1503 2756 pecunias
1515 2674 1532 2753 ;’
1559 2675 1680 2739 etalio
1702 2674 1835 2756 jurante

486 2796 576 2878 quod
600 2797 805 2879 perturbaret
829 2816 953 2878 pacem,
977 2795 1099 2877 recepit
1119 2815 1140 2858 a
1158 2795 1280 2859 ballivo
1302 2798 1424 2872 vinum,
1444 2805 1486 2874 et,
1506 2796 1583 2860 vino
1606 2805 1731 2878 potat0,
1752 2816 1833 2859 mox

486 2935 561 2980 cum
586 2915 652 2979 olla
678 2916 775 2999 fregit
797 2926 897 2998 caput
915 2915 1063 2997 ejusdem
1090 2914 1212 2993 ballivi,
1234 2917 1356 2992 dicens,
1378 2917 1473 2980 ‘Feci
1496 2937 1556 3000 pro
1583 2938 1650 3000 quo
1677 2938 1730 2980 me
1757 2937 1834 2980 con-

485 3035 610 3098 duxisti
623 3033 641 3112 ;'
673 3045 707 3099 et
736 3035 920 3118 magnalis
946 3044 1019 3098 orta
1045 3044 1123 3098 tunc
1150 3035 1211 3098 suit
1237 3036 1403 3100 intereos
1431 3038 1463 3099 in
1487 3037 1604 3099 eadem
1628 3034 1714 3112 villa,
1744 3035 1832 3098 etin

487 3156 604 3219 eodem
638 3165 753 3232 castro,
778 3165 811 3219 et
841 3156 895 3232 sic,
918 3156 974 3238 qui
1004 3163 1115 3219 custos
1141 3154 1254 3218 suisset
1288 3153 1380 3236 legis,
1411 3157 1573 3220 conduxit
1595 3155 1773 3232 hominem,
1797 3165 1833 3218 ut

485 3275 598 3339 lractae
628 3277 694 3339 sint
723 3275 821 3358 leges,
845 3286 881 3339 ut
915 3277 985 3358 ipse
1015 3275 1193 3339 lucraretur
1215 3297 1259 3339 ex
1282 3278 1540 3357 transgressione
1565 3275 1645 3357 legis
1667 3275 1832 3358 pecunias.

486 3394 582 3460 Istud
605 3395 665 3459 suit
687 3395 811 3460 lactum
834 3397 867 3458 in
889 3395 967 3459 villa
988 3397 1030 3459 de
1051 3395 1268 3473 Pontelracto‚
1289 3397 1322 3458 in
1346 3397 1503 3460 comitatu
1528 3396 1748 3473 Eboracensi;
1776 3396 1832 3477 qui

484 3517 567 3580 vidit
597 3515 676 3579 mihi
705 3515 931 3580 testimonium
962 3515 1139 3598 perhibuit,
1166 3537 1254 3580 anno
1281 3516 1416 3580 Domini
1445 3514 1535 3596 1448,
1559 3517 1592 3580 in
1616 3515 1761 3580 manerio
1791 3515 1833 3578 de

486 3636 637 3715 Hunslet,
660 3636 800 3702 Eborac.
824 3637 907 3700 dioc.
953 3637 992 3699 In
1016 3657 1082 3718 quo
1105 3637 1250 3699 manerio
1273 3636 1317 3699 sui
1341 3647 1445 3702 natus.

571 3767 609 3834 [p.
628 3766 677 3830 ra]
708 3758 824 3840 Nuper
846 3757 934 3820 enim
957 3757 990 3820 in
1011 3757 1147 3840 Anglia,
1171 3757 1257 3821 circa
1280 3778 1403 3820 annum
1427 3758 1564 3822 Domini
1586 3775 1677 3841 1443,
1700 3757 1833 3820 inventa

484 3887 535 3943 est
558 3899 624 3942 una
647 3877 729 3942 salsa
751 3879 808 3942 lex
834 3879 920 3941 inter
943 3886 1088 3954 caeteras,
1112 3877 1202 3960 quod
1225 3878 1251 3941 si
1274 3876 1393 3960 aliquis
1421 3878 1548 3942 habens
1572 3887 1675 3942 terras
1699 3876 1832 3940 taliatas

483 3999 545 4062 sibi
568 4008 602 4063 et
623 3997 809 4063 haeredibus
827 3998 901 4076 suis,
917 3997 1064 4082 legitime
1088 4020 1132 4062 ex
1153 3999 1224 4082 ipso
1248 3999 1437 4081 procreatis,
1461 4007 1563 4082 ponat
1585 3997 1656 4061 illas
1679 3998 1712 4060 in
1733 3997 1832 4060 vadio

483 4119 526 4184 ad
564 4129 689 4185 certum
720 4128 851 4203 tempus
886 4118 982 4183 alicui
1019 4139 1079 4202 pro
1116 4118 1263 4201 pecuniis
1300 4129 1416 4184 mutuo
1454 4117 1655 4202 recipiendis,
1689 4129 1767 4182 tunc
1804 4117 1831 4179 si

483 4241 647 4305 mutuanti
678 4261 743 4305 ηοη
768 4240 936 4306 solvantur
959 4240 1107 4323 pecuniae
1131 4240 1163 4303 in
1191 4241 1245 4304 die
1272 4239 1412 4322 praefixa
1442 4240 1604 4318 solutioni,
1631 4249 1710 4303 ωηο
1736 4247 1832 4302 terrae
