4338 4936
731 404 830 458 LOCI
855 405 885 458 E
913 405 1038 460 LIBRO
1073 407 1332 466 VERITATUM.
1669 425 1708 493 15

354 635 389 689 et
410 634 523 689 tamen
542 645 602 706 per
623 622 733 706 plures
755 641 859 686 annos
879 643 1048 706 nunquam
1068 625 1182 690 vident
1206 625 1252 689 illi
1271 629 1374 692 curati
1394 649 1487 692 suam
1508 632 1707 714 parochiam,

354 750 402 812 ita
424 747 514 830 quod
541 743 729 829 parochiani
756 753 895 826 pereunt
918 744 951 808 in
982 745 1126 826 peccatis
1156 757 1189 810 et
1220 748 1379 826 miseriis3
1411 759 1445 814 et
1470 749 1541 832 jam
1571 763 1647 817 sunt
1671 753 1702 835 vj

355 868 499 951 episcopi
527 868 560 930 in
593 886 659 928 uno
690 884 791 948 regno
819 875 991 929 manentes
1021 866 1054 928 in
1086 866 1201 931 officiis
1227 869 1466 951 temporalibus
1495 872 1591 936 unius
1621 873 1707 956 regis

354 998 450 1054 extra
472 1009 549 1052 suas
570 988 726 1058 dioceses,
746 986 778 1048 in
801 994 933 1050 tanturn
955 987 1045 1068 quod
1070 1008 1153 1050 unus
1177 1009 1289 1052 eorum
1314 1010 1482 1073 nunquam
1505 1013 1564 1074 per
1586 1013 1704 1058 novem

352 1131 456 1175 annos
479 1128 648 1192 nunquam
672 1103 746 1191 (sic)
769 1105 946 1169 celebravit
973 1106 1006 1170 in
1029 1128 1089 1170 sua
1112 1108 1249 1173 ecclesia
1272 1109 1461 1186 cathedrali,
1486 1123 1629 1196 excepta
1651 1114 1706 1178 die

353 1231 588 1297 installacionis
611 1249 689 1305 suae,
712 1227 770 1290 sed
794 1245 926 1308 semper
950 1228 1071 1293 mansit
1098 1229 1131 1292 in
1158 1230 1247 1294 curia
1277 1231 1451 1314 temporali
1482 1233 1542 1296 nisi
1570 1236 1705 1315 quando

351 1373 445 1417 suam
474 1350 633 1416 diocesim
661 1346 807 1411 visitabit
836 1345 1022 1430 colligendo
1052 1351 1207 1432 pecunias
1234 1361 1268 1416 et
1294 1352 1328 1415 in
1354 1352 1409 1416 die
1435 1351 1625 1436 pleniluniae
1656 1376 1704 1418 re·

351 1494 463 1540 versus
486 1483 538 1536 est
560 1471 594 1534 in
617 1469 741 1535 curiam
764 1467 993 1550 temporalem.

438 1605 472 1671 [p.
490 1602 560 1669 ³¹7]
595 1591 780 1674 Episcopus
801 1587 1009 1667 Assavensis‚
1027 1588 1185 1656 Wallicus
1200 1592 1334 1675 origine,
1350 1593 1483 1658 nomine
1500 1593 1705 1676 Reginaldus

352 1717 471 1792 Pecok‚
487 1733 574 1778 anno
596 1712 771 1776 dominicae
796 1709 1031 1774 incarnacionis
1062 1727 1152 1792 1449,
1177 1721 1210 1775 et
1236 1723 1335 1776 antea
1358 1713 1541 1778 Londoniis
1564 1715 1703 1779 asseruit

349 1838 489 1921 publice,
520 1834 609 1917 quod
647 1831 793 1914 episcopi
823 1831 938 1912 quales
968 1849 1055 1894 nunc
1090 1842 1166 1896 sunt
1202 1832 1235 1894 in
1272 1833 1410 1897 ecclesia
1447 1854 1513 1898 non
1549 1845 1703 1900 tenentur

349 1959 527 2042 praedicare
557 1953 681 2038 populo
710 1972 780 2015 suae
809 1950 948 2014 diocesis
977 1971 1038 2016 nec
1067 1950 1209 2031 alterius,
1240 1962 1273 2016 et
1303 1973 1347 2016 ex
1378 1954 1441 2018 isto
1474 1954 1564 2018 dicto
1593 1964 1626 2019 et
1657 1977 1701 2019 ex

348 2079 412 2144 hoc
442 2077 532 2160 quod
563 2095 629 2138 non
658 2073 821 2156 ponderat
851 2072 894 2135 de
924 2069 1022 2135 dictis
1051 2082 1240 2136 sanctorum
1271 2073 1445 2138 doctorum
1472 2076 1531 2139 sed
1561 2075 1605 2138 de
1635 2075 1702 2140 suis

347 2200 487 2284 propriis
520 2196 632 2280 glosis,
662 2194 811 2258 maxima
844 2191 1053 2275 perturbacio
1089 2201 1123 2256 et
1158 2193 1286 2256 occasio
1324 2193 1501 2277 multiplex
1539 2194 1699 2258 malorum

348 2323 381 2385 in
404 2318 529 2402 Anglia
552 2327 585 2381 et
608 2315 687 2379 alibi
710 2323 783 2378 orta
805 2312 944 2391 luerunt,
966 2311 1103 2375 diversis
1126 2313 1315 2376 doctoribus
1340 2313 1484 2379 Oxoniae
1511 2323 1544 2378 et
1576 2315 1702 2386 Canta,

347 2441 461 2524 brigiae
491 2437 622 2522 puplice
652 2456 763 2501 coram
794 2433 957 2516 episcopis
982 2442 1098 2496 contra
1124 2434 1266 2497 eundem
1294 2433 1488 2519 episcopum
1516 2434 1701 2505 Londoniis

346 2573 380 2626 et
406 2562 440 2624 in
466 2545 731 2623 universitatibus
757 2565 872 2620 contra
898 2573 974 2617 eum
1005 2553 1200 2635 legentibus
1226 2555 1530 2628 determinantibus,
1556 2565 1590 2620 et
1615 2577 1700 2638 prae-
1764 2629 1767 2638 ¹

345 2682 553 2758 dicantibus3
577 2688 611 2743 et
631 2677 776 2761 episcopi
800 2676 829 2738 ei
848 2675 1012 2739 favebant.
1058 2672 1104 2738 Et
1124 2673 1213 2738 idem
1234 2675 1407 2758 episcopus
1429 2676 1516 2740 dixit
1540 2677 1699 2758 magistro

345 2805 486 2868 Thomae
519 2799 693 2883 Chapman
724 2797 813 2880 quod
845 2817 889 2860 ex
919 2794 1075 2878 opinione
1101 2815 1160 2858 sua
1186 2794 1365 2878 episcopali
1389 2805 1581 2878 sequeretur
1607 2798 1696 2880 quod

345 2925 453 2989 nullus
485 2923 642 3004 deinceps
671 2919 860 3002 loqueretur
889 2916 1015 2980 malum
1042 2915 1084 2979 de
1115 2915 1278 2998 episcopis
1308 2936 1368 2979 nec
1401 2917 1444 2980 de
1473 2917 1521 2980 eis
1551 2937 1698 2980 murmu-

344 3047 438 3124 rabit,
471 3043 561 3126 quod
596 3063 655 3125 per
684 3040 793 3124 ipsum
829 3038 1021 3120 episcopum
1056 3034 1210 3098 omnibus
1246 3045 1361 3099 notum
1397 3037 1458 3100 erit
1492 3037 1524 3100 in
1558 3037 1696 3120 scriptis,

343 3167 433 3249 quod
458 3163 603 3247 episcopi
627 3183 692 3226 non
715 3168 869 3224 tenentur
892 3157 1070 3240 praedicare
1097 3176 1157 3220 nec
1183 3155 1247 3218 alia
1274 3177 1373 3238 opera
1400 3177 1486 3221 curre
1512 3157 1695 3221 animarum

342 3288 458 3364 lacere,
484 3286 568 3348 sicut
597 3283 703 3348 clerus
733 3291 767 3344 et
793 3279 911 3360 vulgus
941 3278 1125 3360 opinantur,
1153 3278 1212 3341 sed
1244 3287 1396 3341 tenentur
1425 3278 1694 3360 superintendere

342 3420 376 3474 et
407 3405 633 3489 questionibus
662 3403 846 3485 aliquorum
877 3398 1085 3480 respondere.
1141 3396 1185 3460 Et
1212 3407 1293 3475 tum,
1321 3397 1411 3461 dicto
1442 3419 1503 3461 suo
1537 3419 1603 3461 non
1633 3399 1693 3461 ob-

341 3539 460 3602 stante,
485 3527 578 3610 quasi
601 3543 718 3589 omnes
738 3522 892 3597 clamant,
917 3518 1005 3595 ‘Vae,
1020 3539 1079 3591 vae,
1103 3513 1299 3600 episcopisl’
1344 3517 1455 3600 Quare
1480 3519 1612 3602 primus,
1636 3539 1694 3601 per

341 3671 455 3715 eorum
476 3647 650 3723 deiectum,
671 3646 742 3708 haec
764 3640 872 3706 scribo
897 3641 929 3704 in
952 3639 1090 3702 veritate
1112 3657 1200 3702 anno
1216 3639 1351 3702 Domini
1380 3644 1451 3701 m¹¹¹⁰
1467 3645 1578 3703 ccccm⁰
1593 3637 1693 3714 xlix0,

341 3781 378 3836 ut
400 3791 460 3854 pro
483 3766 697 3852 perversitate
722 3761 965 3847 presidencium
992 3768 1026 3823 et
1048 3759 1306 3823 consiliariorum
1331 3759 1563 3823 modernorum
1587 3760 1692 3824 sciant

340 3891 462 3974 posteri
486 3888 630 3972 poenalia
654 3884 749 3948 nobis
771 3882 871 3946 fuisse
891 3879 980 3961 juste
1003 3878 1104 3943 illata.

427 4020 461 4086 [p.
482 4017 551 4084 μᾶ]
584 4007 687 4070 Anno
707 4003 808 4068 'enim
838 4000 964 4065 domini
995 4006 1067 4062 mm⁰
1096 4005 1207 4063 ccccm⁰
1233 3997 1295 4080 liij⁰
1321 3999 1434 4062 civitas
1461 4007 1539 4063 tunc
1567 3998 1692 4063 Xtiana

340 4127 646 4210 Constantinopolis
681 4133 780 4206 capta
811 4122 871 4186 suit
905 4140 963 4204 per
998 4139 1146 4202 paganos
1177 4119 1311 4196 Turcos,
1343 4128 1376 4183 et
1410 4119 1494 4184 ultra
1530 4120 1691 4203 qninqua-

339 4251 432 4334 ginta
465 4248 555 4312 milia
588 4246 786 4310 Xtianorum
819 4241 925 4306 occisa
962 4249 1041 4304 tunc
1078 4239 1122 4302 ibi
1155 4239 1284 4304 suerunt
1323 4259 1381 4322 per
1416 4239 1507 4303 illum
1544 4240 1689 4326 'loreum
