4378 4936
724 423 825 479 LOCI
850 423 879 478 E
908 423 1033 478 LIBRO
1068 421 1326 477 VERITATUM.
1643 422 1700 491 131

439 643 535 722 Item,
558 643 729 708 consimile
753 645 892 730 contigit
915 665 975 728 pro
1000 644 1160 709 electione
1182 643 1322 707 duorum
1347 636 1509 702 malorum
1530 633 1704 699 hominum

351 765 384 827 in
413 764 570 829 abbatem
600 765 695 829 unius
725 763 798 844 loci,
828 785 968 848 quorum
999 785 1084 829 unus
1117 763 1211 846 quasi
1242 762 1344 827 laicus
1374 758 1445 834 luit,
1477 765 1511 820 et
1540 763 1613 820 tum
1643 754 1706 818 luit

351 883 477 948 electus
499 884 532 948 in
555 885 721 961 abbatem,
738 896 772 950 et
793 885 878 950 alter
898 895 1015 968 postea
1033 884 1158 948 electus
1180 883 1242 947 suit
1264 881 1298 945 in
1317 881 1509 964 episcopum
1525 876 1559 939 in
1573 873 1705 950 wallia,

352 1015 388 1068 ut
418 1005 458 1068 lis
488 1016 632 1071 cessaret
662 1007 746 1070 inter
781 1006 890 1088 ipsum
918 1005 1061 1070 electum
1092 1005 1124 1068 in
1155 1004 1311 1068 abbatem
1339 1011 1372 1066 et
1402 1000 1489 1064 inter
1517 995 1706 1061 consocium

352 1146 447 1188 suum
474 1125 616 1194 electum
643 1147 714 1190 esse
745 1129 778 1190 in
800 1127 959 1191 abbatem
986 1125 1136 1209 ejusdem
1163 1125 1331 1189 abbathiae
1358 1121 1476 1205 regalis
1500 1114 1707 1182 fundacionls

352 1256 386 1310 et
417 1247 594 1329 sepulturae
622 1267 747 1330 regum.
794 1247 893 1312 Heul
925 1247 1010 1312 heu!
1047 1247 1193 1310 Domine
1220 1246 1330 1309 Deusl
1369 1243 1426 1306 ubi
1452 1241 1554 1304 cubas
1576 1236 1646 1320 jam
1673 1235 1707 1298 in

353 1367 498 1443 meridie,
523 1369 542 1431 i.
554 1389 582 1432 e.
598 1368 654 1431 ubi
674 1378 725 1432 est
748 1389 825 1431 vera
845 1368 984 1432 ecclesia
1003 1377 1071 1444 tua,
1087 1387 1154 1450 qua
1175 1387 1253 1430 vere
1274 1359 1472 1447 requiescis?
1517 1358 1549 1424 Ο
1572 1355 1708 1421 domine

353 1507 449 1570 papa,
478 1488 539 1552 Xti
565 1489 702 1552 vicarie!
734 1489 907 1571 accingere
928 1487 1042 1571 gladio
1066 1488 1157 1551 verbi
1186 1487 1259 1562 Dei,
1287 1486 1366 1568 quia
1392 1483 1437 1546 dii
1464 1478 1537 1545 ialsi
1561 1479 1593 1541 in
1620 1486 1708 1540 terra

352 1607 566 1672 vehementer
587 1608 707 1673 elevati
731 1619 808 1673 sunt
818 1607 835 1672 ¹.

443 1729 538 1804 Item,
570 1750 674 1812 nuper
702 1750 787 1793 unus
820 1729 930 1805 homo,
963 1729 1018 1812 qui
1048 1729 1177 1812 optavit
1206 1739 1243 1793 ut
1273 1735 1360 1791 esset
1390 1723 1515 1788 electus
1550 1720 1583 1783 in
1610 1717 1708 1782 deca·

355 1860 471 1913 natum
509 1849 657 1914 ecclesiae
692 1849 822 1926 Sarum,
854 1851 887 1912 in
925 1849 980 1914 die
1018 1849 1196 1925 electionis,
1226 1847 1423 1912 auctoritate
1460 1836 1707 1923 archiepiscopi,

355 1970 585 2053 pronunciavit
617 1972 812 2036 nominatim
846 1981 955 2036 certos
986 1971 1073 2036 viros
1108 1991 1181 2035 esse
1216 1980 1295 2034 tunc
1328 1964 1643 2035 excommunicatos,
1674 1967 1709 2022 et

355 2111 414 2173 per
437 2091 549 2174 plures
577 2100 676 2156 antea
702 2091 802 2157 luisse
831 2093 1067 2176 pronunciatos
1096 2113 1156 2176 pro
1186 2089 1446 2164 contumacibus,
1474 2095 1507 2150 et
1536 2083 1601 2147 hoc
1630 2079 1709 2144 lecit

354 2213 433 2295 quia
457 2212 549 2276 novit
578 2214 668 2294 quod
699 2212 745 2276 illi
775 2213 834 2277 viri
861 2233 928 2276 non
954 2212 1130 2276 voluerunt
1156 2213 1277 2295 eligere
1302 2213 1412 2293 ipsum
1437 2209 1471 2271 in
1497 2206 1708 2276 decanatum,

354 2343 388 2396 et
410 2333 456 2397 sic
479 2353 538 2416 per
559 2333 939 2398 excommunicationem
964 2353 1030 2398 non
1051 2333 1214 2398 haberent
1235 2352 1352 2398 vocem
1376 2332 1408 2395 in
1432 2329 1592 2394 electione
1615 2322 1683 2387 illa.

442 2462 476 2530 [p.
501 2461 552 2528 η]
608 2454 726 2537 Nuper
756 2456 844 2519 enim
874 2455 1018 2520 vidimus
1044 2455 1134 2538 quod
1164 2455 1266 2538 pueri,
1290 2454 1437 2537 juvenes,
1461 2461 1495 2515 et
1525 2449 1582 2514 alii
1610 2443 1710 2510 valde

354 2573 476 2653 viciosi,
505 2584 742 2658 promoventur
771 2585 804 2640 et
839 2576 1030 2641 exaltantur
1061 2577 1094 2639 in
1125 2577 1378 2660 episcopatibus,
1409 2571 1583 2646 abbathiis,
1609 2577 1643 2634 et
1676 2567 1710 2630 in

355 2696 580 2772 decanatibus,
612 2707 646 2762 et
675 2699 708 2760 in
741 2697 1071 2774 archidiaconatibus,
1103 2709 1137 2763 et
1167 2698 1201 2762 in
1231 2698 1360 2780 magnis
1389 2693 1585 2781 praebendis,
1612 2699 1646 2754 et
1676 2688 1710 2752 in

357 2817 509 2897 ecclesiis,
534 2828 568 2882 et
593 2819 712 2883 maturi
735 2819 804 2896 viri,
830 2829 864 2883 et
890 2821 1022 2903 experti
1049 2820 1082 2883 in
1108 2821 1185 2898 vita,
1209 2828 1243 2885 et
1267 2817 1412 2897 scientia,
1437 2826 1472 2882 et
1497 2815 1531 2880 in
1555 2829 1711 2896 supremo

356 2941 460 3024 gradu
491 2939 688 3022 theologico,
715 2941 947 3019 excluduntur,
975 2951 1008 3005 et
1038 2942 1283 3025 pauperrimam
1309 2941 1413 3006 vitam
1440 2939 1608 3013 ducentes,
1639 2932 1710 2996 nul-

356 3061 424 3126 lam
446 3061 619 3126 ecclesiam
636 3083 696 3126 nec
719 3064 864 3145 regimen
885 3063 1000 3147 populi
1022 3062 1157 3138 habent,
1174 3072 1209 3128 et
1229 3063 1319 3146 pueri
1339 3062 1496 3144 juniores,
1513 3057 1559 3140 xij
1576 3055 1628 3120 vel
1651 3053 1707 3136 xvj

356 3198 528 3256 annorum,
551 3177 736 3242 habuerunt
758 3199 862 3260 nuper
884 3179 1055 3244 licenciam
1078 3179 1242 3263 papalem,
1264 3189 1300 3243 ut
1321 3179 1387 3242 sint
1413 3175 1559 3241 canonici
1583 3181 1618 3236 et
1640 3191 1710 3233 esse

357 3308 500 3362 rectores
527 3298 560 3362 in
585 3300 715 3381 magnis
741 3299 896 3375 ecclesiis,
917 3300 1039 3365 curatis
1062 3299 1206 3364 exclusis
1228 3321 1248 3363 a
1272 3319 1357 3374 cura,
1382 3297 1490 3362 doctis
1517 3304 1550 3358 et
1574 3290 1711 3356 maturis

356 3421 442 3496 viris,
466 3429 574 3496 aetate,
601 3420 756 3494 moribus,
783 3430 818 3484 et
841 3421 997 3498 scientia;
1023 3429 1057 3484 et
1082 3423 1128 3484 sic
1151 3422 1285 3505 ponitur
1308 3419 1434 3483 amndo
1461 3418 1494 3480 in
1518 3417 1619 3479 domo
1647 3409 1711 3476 Dei

357 3541 432 3604 loco
462 3540 624 3604 columnae
654 3542 804 3625 lapideae,
835 3552 869 3606 et
897 3541 1021 3606 vitulus
1054 3543 1087 3604 in
1114 3551 1224 3606 aratro
1253 3543 1328 3606 loco
1357 3541 1460 3614 bovis,
1487 3536 1622 3620 quando
1650 3534 1712 3597 bos

357 3661 472 3725 haberi
503 3671 614 3743 potest
649 3663 683 3726 in
713 3664 841 3739 eodem,
873 3672 908 3727 et
937 3664 984 3728 sic
1016 3663 1087 3746 jam
1119 3664 1201 3727 ordo
1233 3672 1341 3728 rectus
1370 3660 1577 3735 subvertitur,
1608 3664 1651 3730 et,
1676 3663 1713 3717 ut

358 3783 510 3858 creditur,
536 3783 771 3848 maledictione
796 3784 860 3847 Dei
887 3805 989 3867 regna
1014 3785 1047 3847 in
1069 3784 1132 3849 hac
1155 3803 1254 3848 causa
1278 3804 1358 3847 mox
1381 3781 1567 3865 punientur.
1611 3774 1713 3838 Tales

358 3911 591 3985 promoventes
622 3914 656 3967 et
690 3902 736 3966 illi
766 3905 822 3986 qui
852 3903 960 3969 officia
990 3915 1024 3970 et
1058 3905 1204 3987 regimen
1237 3903 1351 3987 populi
1383 3901 1505 3966 talibus
1541 3896 1713 3962 conserunt

355 4020 481 4102 judicio
505 4023 680 4088 durissimo
703 4025 889 4106 punientur,
908 4035 942 4090 et
965 4023 1145 4107 ejicientur,
1161 4045 1237 4090 curn
1260 4023 1360 4106 Hely,
1380 4022 1424 4085 ab
1446 4021 1510 4084 illis
1532 4039 1608 4103 quae
1630 4036 1713 4100 prae·

359 4147 454 4227 cipue
469 4143 669 4222 dilexerunt,
691 4145 768 4227 quia
790 4145 948 4210 honorem
966 4156 1000 4212 et
1023 4148 1157 4212 divitias
1179 4146 1250 4229 ejus
1272 4165 1372 4229 quem
1389 4149 1586 4226 promovent
1609 4138 1715 4222 magis

531 4281 536 4314 ¹
553 4280 591 4331 Ps.
604 4281 663 4332 xlix.
679 4295 716 4340 ιο,
730 4283 871 4346 ‘Quoniam
883 4286 918 4336 dii
932 4285 1006 4335 sortes
1019 4293 1088 4335 terrac
1101 4285 1257 4335 vehementer
1268 4282 1357 4334 elevati
1369 4282 1440 4332 sunt.⁸
1474 4279 1548 4344 Vulg.

1008 4383 1025 4430 S
1051 4383 1067 4430 2
