4338 4936
491 397 532 456 24
865 385 964 440 LOCI
988 385 1017 438 E
1046 383 1169 438 LIBRO
1205 381 1462 438 VERITATUM.

491 599 626 665 Domini
651 620 749 683 super
766 597 921 662 humeros
944 597 1093 680 proprios
1114 597 1172 660 sed
1194 617 1292 679 super
1309 595 1464 661 humeros
1482 597 1620 661 aliorum
1633 597 1839 675 animalium,

487 732 526 786 ut
549 729 643 785 notat
666 719 811 785 Sanctus
833 718 1020 799 Jeronimus
1046 737 1143 800 super
1165 715 1267 780 libros
1294 717 1426 799 Regum
1454 717 1486 780 in
1513 719 1740 799 questionibus
1768 719 1840 782 He-

488 842 615 906 braicis.
662 840 775 904 Plures
799 839 886 902 enim
910 837 1054 902 refutant
1076 836 1264 919 praedicare,
1283 837 1361 919 quia
1383 837 1515 901 difficile
1539 848 1589 902 est
1611 839 1774 920 attingere
1796 839 1839 902 ad

488 963 625 1026 modum
642 971 675 1026 et
690 962 732 1024 ad
750 959 889 1023 sormam
906 958 1060 1021 usitatam
1078 979 1136 1040 per
1152 957 1325 1020 modernos
1341 959 1580 1040 praedicatores,
1592 931 1732 1041 quoruin
1748 958 1841 1022 labor

489 1081 594 1164 major
612 1093 662 1145 est
683 1081 767 1145 circa
787 1079 928 1143 sormam
950 1088 983 1140 et
1003 1079 1138 1142 modum
1158 1077 1354 1141 divisionum
1379 1088 1412 1142 et
1433 1079 1688 1143 concordantias
1710 1078 1840 1143 vocales

487 1213 643 1266 textuum
673 1221 774 1284 quam
802 1200 886 1263 circa
913 1198 1173 1262 declaracionem
1198 1218 1304 1261 rerum
1330 1199 1470 1262 utilium.
1527 1198 1641 1264 Sancti
1669 1199 1755 1263 enim
1780 1199 1840 1262 viri

488 1333 522 1386 et
542 1324 702 1399 doctores,
724 1321 921 1401 Jeronimus,
941 1317 1157 1400 Augustinus,
1176 1327 1209 1380 et
1235 1317 1464 1397 crisostomus,
1487 1319 1639 1383 solebant
1662 1321 1841 1402 praedicare

489 1454 522 1507 et
545 1443 653 1506 dicere
672 1441 805 1524 popu10,
821 1440 910 1503 ‘Res
927 1438 1080 1502 volumus
1097 1438 1222 1502 laudari
1239 1438 1352 1519 pocius
1371 1459 1471 1520 quam
1487 1440 1595 1514 verba,
1611 1451 1644 1504 et
1666 1460 1740 1521 quae
1763 1459 1841 1503 con·

488 1572 626 1627 cernunt
658 1561 812 1625 materias
842 1569 1015 1623 contentas
1046 1559 1078 1620 in
1110 1557 1281 1639 evangelio
1311 1557 1479 1636 hodierno,
1506 1559 1666 1638 volumus,
1694 1561 1840 1624 Domino

488 1690 694 1765 cooperante,
714 1680 895 1762 explanare
917 1679 1031 1743 vobis:
1059 1677 1252 1760 exemplum
1277 1679 1436 1761 evangelii
1460 1679 1536 1744 lecti
1559 1681 1592 1742 in
1615 1681 1674 1744 die
1690 1681 1839 1744 omnium

487 1812 685 1879 sanctorum,
700 1801 756 1864 ubi
780 1800 868 1864 Xtus
893 1799 989 1876 dixit,
1011 1798 1133 1861 “Beati
1157 1818 1319 1881 pauperes
1343 1801 1493 1882 spiritum
1519 1797 1616 1864 etc.”’
1636 1799 1694 1863 Mi.
1712 1803 1839 1882 quinto

489 1923 674 1987 Dicendum
706 1931 756 1984 est
786 1941 864 2003 ergo
895 1929 928 1982 et
964 1917 1210 2000 explanandum
1247 1920 1290 1983 de
1318 1919 1495 1984 virtutibus
1526 1921 1689 1985 contentis
1720 1922 1752 1983 in
1783 1921 1840 1984 illo

487 2042 665 2126 evangelio,
689 2061 732 2104 sc.
755 2042 798 2104 de
820 2039 1006 2103 humilitate
1033 2049 1067 2101 et
1090 2038 1132 2101 de
1156 2038 1219 2102 illis
1242 2061 1316 2122 quae
1338 2040 1558 2105 humilitatem
1582 2051 1781 2106 concernunt
1806 2053 1839 2106 et

487 2163 533 2228 sic
559 2165 602 2227 de
627 2161 699 2226 aliis
726 2160 891 2224 contentis
917 2159 1049 2222 ibidem.
1106 2157 1222 2223 Solent
1245 2161 1333 2222 enim
1361 2163 1464 2226 sancti
1487 2163 1545 2224 viri
1568 2163 1677 2226 dicere
1700 2164 1732 2224 in
1755 2183 1839 2244 prae·

488 2284 572 2347 senti
589 2302 750 2358 sermone,
766 2281 927 2344 ‘Intendo
949 2279 1039 2362 loqui
1056 2300 1115 2361 per
1134 2281 1278 2362 graciam
1303 2281 1366 2344 Dei
1387 2282 1429 2345 de
1450 2292 1592 2364 quatuor
1606 2282 1658 2346 vel
1681 2284 1723 2346 de
1745 2283 1839 2365 quin-

488 2424 553 2485 que
574 2402 720 2467 materiis
736 2401 933 2477 necessariis,
951 2410 987 2463 ut
1008 2399 1151 2483 figantur
1166 2400 1198 2462 in
1221 2411 1333 2464 mente
1349 2401 1520 2464 hominum
1538 2403 1734 2481 auditorum,
1750 2413 1839 2484 puta,

488 2524 531 2586 de
561 2521 635 2601 fide,
658 2543 728 2605 spe,
756 2531 789 2585 et
819 2521 964 2594 caritate,
994 2529 1027 2583 et
1054 2520 1194 2602 justicia,
1219 2531 1253 2585 et
1283 2520 1525 2586 misericordia'
1572 2524 1657 2587 Item
1689 2523 1839 2586 solebant

422 2685 425 2696 ·
487 2643 521 2705 in
537 2663 688 2706 sermone
703 2663 763 2706 suo
778 2641 956 2723 aliquando
973 2641 1061 2723 loqui
1078 2641 1120 2703 de
1136 2661 1200 2704 una
1225 2643 1361 2706 materia
1377 2653 1410 2707 et
1426 2644 1469 2707 de
1492 2643 1556 2706 illis
1571 2665 1646 2726 quat
1667 2644 1838 2707 materiam

487 2762 577 2826 illam
608 2762 856 2838 concernebant,
880 2771 970 2844 puta,
992 2763 1034 2825 de
1063 2761 1294 2841 misericordia,
1319 2764 1451 2846 etquid
1476 2775 1526 2828 est
1546 2765 1780 2840 misericordia,
1805 2775 1839 2828 et

487 2905 562 2966 quae
585 2883 726 2966 pertinet
749 2882 987 2955 misericordiae,
1012 2889 1046 2945 et
1069 2883 1238 2964 quomodo
1261 2893 1327 2946 stat
1350 2904 1424 2947 cum
1445 2885 1576 2966 justicia
1599 2895 1631 2949 et
1654 2906 1728 2949 cum
1748 2885 1838 2966 justa

488 3003 661 3086 punicione
680 3005 816 3087 peccati.

574 3133 606 3200 [p.
624 3131 692 3199 ³³5]
727 3123 844 3205 Nuper
870 3123 957 3184 enim
988 3143 1046 3205 per
1073 3143 1174 3186 unum
1202 3125 1392 3208 episcopum
1420 3147 1513 3188 amor
1541 3121 1667 3209 peccati
1698 3125 1839 3190 nutritur

487 3243 563 3326 quia
587 3243 775 3327 parochiani
803 3243 898 3306 unlus
922 3243 1067 3306 ecclesiae
1094 3244 1270 3308 dixerunt:
1305 3245 1421 3310 ‘Nunc
1445 3247 1608 3310 credimus
1631 3247 1720 3328 quod
1744 3246 1838 3309 adul·

486 3363 605 3427 terium
640 3373 674 3428 et
705 3363 879 3427 fornicacio
913 3361 1041 3426 nullum
1076 3375 1125 3428 est
1164 3375 1344 3446 peccatum,
1374 3366 1451 3448 quia
1484 3367 1511 3429 si
1542 3378 1628 3430 esset
1665 3375 1837 3448 peccatum

487 3485 661 3566 episcopus
691 3493 802 3547 noster
832 3484 991 3565 privasset
1022 3493 1181 3548 rectorem
1213 3496 1361 3549 nostrum
1391 3508 1412 3549 a
1442 3508 1518 3550 cura
1548 3508 1615 3564 sua,
1644 3487 1721 3568 quia
1751 3487 1836 3570 epis·

487 3625 589 3687 copus
616 3603 706 3667 novit
734 3604 823 3685 quod
855 3615 960 3667 rector
985 3613 1095 3668 noster
1119 3605 1248 3687 publice
1280 3617 1395 3689 captus
1426 3615 1476 3670 est
1507 3607 1540 3670 in
1570 3607 1732 3672 adulterio
1762 3627 1836 3672 cum

486 3725 618 3808 propria
648 3721 855 3806 parochiana,
883 3744 987 3788 uxore
1016 3723 1150 3788 alterius
1176 3727 1244 3804 viri,
1271 3736 1304 3790 et
1334 3737 1446 3791 tamen
1477 3728 1649 3812 episcopus
1680 3748 1744 3790 non
1779 3749 1838 3791 ex-

487 3845 570 3928 pulit
601 3865 676 3907 eum
707 3845 750 3908 ab
782 3844 836 3906 illa
867 3842 965 3907 cura.'
1011 3845 1056 3908 Et
1088 3846 1188 3910 etiam
1221 3846 1356 3912 Oxonia
1386 3847 1519 3912 admisit
1549 3869 1625 3912 eum
1654 3857 1771 3931 postea
1801 3858 1838 3912 ut

397 4041 399 4048 Α
486 3975 572 4029 esset
595 3965 711 4029 doctor
733 3967 937 4029 decretorum
962 3975 995 4029 et
1019 3965 1064 4028 ibi
1087 3966 1196 4048 plures
1219 3967 1372 4047 violavit3
1401 3977 1434 4032 et
1457 3968 1503 4033 sic
1527 3989 1570 4032 ex
1592 3978 1668 4032 actu
1692 3968 1837 4050 episcopi

487 4094 521 4149 et
545 4107 589 4148 ex
615 4095 691 4150 actu
717 4085 860 4151 Oxoniae
888 4085 1073 4169 recipientis
1098 4087 1203 4152 bonos
1231 4099 1264 4153 et
1292 4089 1396 4154 malos
1422 4091 1465 4154 ad
1492 4089 1613 4172 gradus
1643 4108 1836 4172 suppremos

487 4205 674 4270 scolasticos
711 4217 823 4270 secuta
861 4218 935 4270 sunt
972 4207 1112 4290 plurima
1149 4209 1235 4274 mala
1269 4219 1301 4273 et
1335 4209 1471 4273 audacia
1503 4210 1668 4290 peccandi.
1725 4207 1838 4271 Plures
