4308 4938
705 375 805 432 Locl
830 375 859 428 E
887 372 1012 428 LIBRO
1048 371 1306 430 VERITATUM.
1433 395 1437 408 =
1639 382 1681 450 93

332 585 438 671 prima
457 590 501 655 ad
521 589 718 655 Corintheos
739 589 784 668 8⁰,
798 590 941 666 ‘Videte
962 611 1003 654 ne
1024 589 1109 654 sorte
1124 590 1195 654 haec
1216 588 1353 655 licencia
1370 600 1488 670 vestra,
1508 609 1552 655 sc.
1573 610 1683 655 come-

332 709 433 773 dendi
457 729 580 788 carnes,
601 711 836 776 offendiculum
859 710 918 776 fiat
938 708 1092 788 infirmis,’
1113 709 1171 774 ie.
1190 709 1302 775 videte
1322 731 1364 774 ue
1387 710 1522 790 licencia
1542 710 1585 774 sit
1607 709 1683 774 talis

333 831 421 894 unde
447 831 502 895 alii
528 831 744 910 offendantur,
768 831 787 896 i.
798 853 826 896 e.
848 833 891 895 ad
914 839 1087 915 peccatum
1112 840 1325 909 moveantur3
1356 840 1390 895 et
1410 829 1521 896 videte
1544 851 1586 894 ne
1611 829 1684 895 haec

333 949 469 1016 licencia
491 953 534 1016 sit
554 973 654 1016 causa
674 951 727 1017 vel
749 951 878 1017 occasio
900 951 989 1015 unde
1011 949 1099 1014 mala
1121 961 1155 1014 et
1177 961 1314 1033 peccata
1337 950 1492 1030 oriantur,
1515 950 1567 1015 vel
1594 951 1684 1015 unde

333 1071 423 1135 bona
441 1070 606 1151 deficiant,
622 1093 680 1137 seu
700 1072 921 1138 destruantur.
966 1071 1054 1135 Novi
1076 1071 1164 1134 enim
1185 1091 1340 1154 magnam
1361 1091 1474 1137 curam
1495 1073 1528 1135 in
1548 1070 1686 1136 ecclesia

334 1191 512 1276 parochiali
551 1193 685 1270 destrui,
719 1193 885 1277 eoquod
920 1191 1133 1276 appropriata
1170 1201 1221 1256 est
1262 1212 1336 1256 unae
1372 1211 1502 1275 magnae
1538 1191 1686 1258 ecclesiae

335 1311 526 1392 cathedrali,
556 1334 631 1396 quae
665 1334 725 1396 pro
754 1313 813 1377 illa
842 1311 1115 1396 appropriacione
1145 1332 1211 1394 qua
1241 1331 1308 1376 non
1338 1311 1489 1394 indigent
1517 1311 1622 1377 semel
1652 1313 1686 1376 iri

335 1453 424 1496 anno
445 1431 554 1498 dicere
577 1443 708 1498 tenetur
729 1434 889 1515 exequias
914 1453 974 1516 pro
997 1433 1110 1496 anima
1135 1431 1239 1509 unius,
1262 1431 1340 1515 quia
1365 1452 1459 1496 curas
1484 1432 1594 1516 plures
1615 1434 1687 1497 ani·

336 1573 464 1616 marum
495 1553 668 1633 destruxit,
698 1562 732 1618 et
761 1553 829 1618 iere
858 1553 948 1618 omni
978 1553 1033 1616 die
1065 1572 1124 1635 per
1157 1551 1269 1636 plures
1298 1573 1403 1617 annos
1435 1562 1512 1618 ante
1545 1563 1687 1618 mortem

336 1693 431 1737 suam
451 1673 559 1738 ebrius
573 1673 646 1738 iuit.
689 1671 818 1737 ‘Lrlreri
834 1672 913 1738 iacti
934 1672 1014 1738 estis
1029 1669 1185 1755 peccato,’
1202 1672 1309 1756 inquit
1324 1671 1503 1756 apostolus,
1519 1674 1570 1738 i.e.
1585 1674 1688 1740 libere

337 1803 372 1858 et
400 1793 472 1858 sine
500 1793 739 1877 impedimento
768 1794 913 1877 peccatis
942 1803 977 1858 et
1002 1791 1045 1857 ad
1072 1794 1349 1877 dampnacionem
1378 1795 1516 1872 curritis,
1539 1795 1688 1860 dicentes

337 1913 428 1994 salse,
451 1913 548 1979 ‘Non
569 1934 745 1997 peccamus
768 1916 846 1997 quia
868 1914 1040 1979 licenciam
1064 1914 1108 1979 ab
1131 1911 1266 1978 homine
1288 1914 1331 1977 ad
1355 1915 1479 1979 malum
1501 1915 1688 1981 iaciendum

337 2033 517 2099 habemus!
562 2035 722 2119 Magnam
742 2035 831 2099 enim
851 2045 1052 2119 potestatem
1073 2036 1166 2100 dedit
1187 2035 1350 2099 Dominus
1370 2036 1491 2100 vicario
1511 2055 1571 2100 suo
1591 2057 1689 2119 papae

339 2156 495 2234 ecclesiae,
524 2165 561 2220 ut
595 2175 715 2240 magna
746 2154 833 2220 mala
866 2155 1068 2232 reformaret,
1097 2175 1252 2240 magnam
1279 2157 1368 2239 quod
1399 2153 1519 2222 iaceret
1548 2157 1689 2222 aedifica-

339 2277 467 2341 cionem
487 2276 650 2341 bonorum
671 2285 815 2352 actuum,
831 2277 893 2340 sibi
908 2277 1022 2340 dicens
1042 2277 1151 2355 verba,
1166 2297 1241 2359 quae
1261 2275 1349 2340 dixit
1369 2275 1542 2359 Jeremiae:
1572 2276 1689 2343 ‘Posui

339 2394 392 2475 te,’
404 2397 510 2480 inquit
523 2397 698 2474 Dominus,
711 2400 765 2462 ‘ut
780 2397 910 2476 evellas
922 2397 1082 2476 destruas,
1095 2405 1128 2460 et
1140 2397 1319 2479 disperdas,
1332 2407 1365 2461 et
1377 2397 1525 2480 dissipes,
1537 2399 1691 2478 aedifices,

340 2527 374 2582 et
395 2517 719 2601 plantes‚'-evellas,
738 2517 758 2582 i.
768 2539 796 2582 e.
814 2517 966 2582 docendo
990 2528 1023 2582 et
1046 2518 1238 2599 corrigendo
1258 2516 1379 2581 evellas
1402 2538 1524 2602 magna
1547 2528 1581 2583 et
1604 2521 1690 2584 radi-

340 2647 416 2702 cata
448 2646 482 2702 et
512 2649 669 2702 consueta
702 2648 855 2721 peccata,
880 2637 980 2719 longo
1014 2659 1074 2702 usu
1107 2638 1318 2716 continuata;
1354 2637 1504 2702 destruas
1534 2659 1627 2718 nova,
1658 2649 1692 2704 et

342 2759 469 2822 minora
484 2757 590 2836 mala;
614 2757 744 2840 plantes
759 2758 905 2835 virtutes,
918 2757 1068 2822 docendo
1087 2767 1122 2821 et
1135 2759 1350 2836 ostendendo,
1361 2757 1498 2822 verbum
1515 2759 1579 2823 Dei
1594 2759 1692 2824 serni·

342 2878 471 2957 nando;
501 2877 644 2942 aedifices
674 2877 730 2941 illa
755 2878 845 2942 bona
870 2877 1046 2942 nutriendo
1076 2886 1110 2942 et
1135 2877 1334 2962 perficiendo
1368 2879 1533 2962 exemplo,
1556 2880 1692 2958 auxilio,

343 3009 377 3064 et
391 3019 480 3081 saepe
494 2998 631 3063 verbum
647 2999 711 3063 Dei
728 2997 893 3062 mentibus
911 2996 1121 3063 audiencium
1137 2998 1337 3082 ingerendo;
1361 2997 1453 3062 cibus
1469 2999 1557 3062 enim
1573 3021 1693 3084 parvus

342 3117 600 3201 perceptibiliter
625 3139 742 3203 corpus
769 3138 835 3182 non
862 3119 973 3196 nutrit,
998 3138 1058 3182 nec
1084 3118 1222 3182 verbum
1248 3118 1332 3182 forte
1357 3117 1501 3200 aliquem
1531 3120 1558 3182 si
1588 3123 1693 3184 semel

343 3237 533 3322 proferatur,
552 3239 610 3303 sed
634 3239 759 3303 sicum
781 3239 948 3323 paciencia
970 3259 1060 3321 saepe
1082 3238 1272 3321 proferatur,
1290 3258 1332 3302 ne
1354 3239 1509 3303 oblivioni
1533 3241 1692 3304 tradatur.

345 3358 436 3424 Olim
463 3359 549 3424 enirn
572 3359 606 3423 in
629 3370 779 3442 tempore
801 3359 905 3424 sancti
927 3358 1071 3424 doctoris
1093 3358 1274 3442 Augustini
1296 3379 1445 3423 recursus
1467 3380 1606 3442 magnus
1631 3361 1694 3424 luit

346 3480 445 3563 Papae
470 3479 631 3556 Romano,
652 3481 695 3545 ad
718 3481 932 3584 quarendum
955 3481 999 3545 ab
1021 3501 1062 3544 eo
1085 3490 1118 3545 et
1140 3501 1161 3544 a
1178 3481 1365 3545 scientificis
1388 3481 1417 3544 ei
1437 3481 1631 3559 astantibus,
1651 3503 1694 3546 an

345 3601 458 3666 liceret
478 3601 534 3677 sic,
555 3601 608 3665 vel
627 3602 826 3667 econtrario
850 3602 949 3666 modo
968 3601 1085 3666 iacere.
1131 3601 1249 3666 Pocius
1271 3601 1360 3666 enim
1379 3600 1443 3665 hoc
1463 3601 1654 3682 quaerebant
1675 3624 1696 3666 a

347 3722 438 3808 Papa
453 3743 496 3787 an
511 3723 636 3806 aliquid
651 3723 770 3804 liceret,
786 3743 887 3806 quam
902 3733 940 3787 ut
955 3723 1076 3801 liceret,
1093 3731 1130 3786 ut
1145 3731 1287 3788 testatur
1303 3721 1444 3786 Sanctus
1461 3721 1647 3786 Bernardus
1662 3723 1696 3785 in

348 3844 500 3928 Epistola
515 3845 558 3908 ad
575 3843 758 3910 Robertum
774 3843 1025 3909 cluniacensem
1047 3842 1256 3907 monachum.
1304 3841 1461 3907 Sciebant
1482 3843 1570 3905 enim
1590 3841 1696 3907 sancti

348 3974 459 4048 patres
479 3967 569 4050 quod
590 3966 797 4050 dispensacio
817 3987 874 4031 seu
897 3965 1086 4029 licenciacio
1107 3965 1254 4028 humana
1276 3984 1342 4027 non
1364 3963 1510 4028 causavit
1530 3973 1640 4028 actum
1663 3963 1698 4027 in

348 4107 384 4150 se
406 4107 478 4159 esse
501 4087 625 4152 bonum
648 4108 709 4152 nec
732 4087 866 4151 malum.
912 4085 974 4150 Est
997 4087 1084 4150 enim
1111 4085 1217 4149 bonus
1237 4093 1331 4148 actus
1357 4105 1402 4146 ex
1428 4095 1544 4149 natura
1566 4085 1698 4168 propria

349 4218 443 4273 actus
469 4209 635 4274 tendentis
663 4210 695 4274 in
722 4207 890 4290 objectum
916 4228 1011 4272 suum
1035 4207 1194 4283 debitum,
1218 4217 1252 4272 et
1278 4206 1365 4270 actui
1392 4205 1598 4282 conveniens,
1622 4225 1698 4270 cum
