4338 4936
710 411 808 465 LOCI
835 411 864 464 E
893 410 1017 464 LIBRO
1053 409 1311 464 VERJTATtttr.
1649 425 1697 489 39.

336 623 461 686 sionem
490 623 695 707 pontificum,
720 625 798 706 quia
825 623 972 688 defensio
996 624 1144 689 veritatis
1171 635 1250 689 tunc
1273 645 1332 707 per
1355 624 1508 688 doctores
1533 635 1611 691 tunc
1634 650 1693 713 per

336 744 442 807 malos
468 746 642 828 episcopos
669 766 734 809 non
760 744 874 809 habuit
901 765 960 828 per
974 745 1160 836 ¹episcopos
1190 741 1259 831 (sic,
1282 743 1398 830 supra)
1423 746 1587 829 prolatam
1617 769 1699 812 sen-¹

336 865 501 942 tenciam;
537 875 570 929 et
596 886 659 949 ego
682 866 840 948 magister
859 866 1009 929 Thomas
1032 865 1229 948 Gascoigne,
1253 867 1370 931 doctor
1391 887 1493 932 sacrae
1516 867 1692 953 theologia²

335 993 370 1049 et
407 985 618 1051 cancellarius
655 988 824 1069 quondam
859 986 1071 1062 Oxoniensis,
1103 1007 1202 1051 manu
1240 1008 1316 1052 mea
1353 989 1485 1070 propria
1521 991 1691 1055 subscribo

336 1106 494 1188 praedicta
516 1128 586 1171 esse
608 1128 694 1184 vera,
711 1128 788 1170 narn
812 1108 990 1190 praedictus
1014 1108 1188 1191 episcopus
1210 1107 1415 1191 Reginaldus
1439 1131 1555 1173 omnes
1577 1121 1698 1175 textus

335 1237 500 1306 sonantes
523 1228 694 1312 episcopos
721 1249 792 1292 esse
815 1228 980 1311 obligatos
1007 1250 1064 1292 seu
1087 1229 1254 1293 debitores
1279 1231 1322 1292 ad
1350 1227 1463 1294 actum
1490 1231 1630 1296 docendi
1658 1243 1699 1296 en

336 1348 546 1428 praedicandi,
573 1370 617 1411 ex
643 1349 776 1432 proprio
805 1370 865 1413 suo
896 1350 1005 1431 capite
1034 1348 1185 1432 glosavit,
1209 1351 1322 1414 dicens
1350 1351 1439 1432 quod
1465 1349 1696 1433 intelliguntur

336 1467 379 1530 de
412 1468 532 1532 curatis
570 1468 779 1545 immediatis,
812 1489 858 1533 sc.
896 1469 1076 1533 rectoribus
1109 1469 1321 1533 ecclesiarum
1355 1469 1601 1553 parochialium,
1634 1473 1691 1554 qui

336 1597 415 1652 tunc
439 1588 642 1652 vocabantur
668 1589 821 1672 episcopi,
847 1598 883 1652 ut
908 1589 977 1671 ipse
1004 1590 1176 1673 episcopus
1198 1588 1397 1654 Assavensis
1417 1592 1545 1654 asserit.
1604 1592 1691 1656 Item

337 1707 425 1770 idem
456 1709 630 1792 episcopus
660 1711 766 1773 tenuit
796 1711 884 1792 quod
916 1720 1066 1792 tempore
1097 1709 1250 1792 Dionysii
1281 1732 1389 1794 papae,
1416 1709 1502 1776 sacta
1532 1711 1692 1776 divisione

335 1828 574 1910 parochiarum,
596 1850 711 1893 omnes
734 1831 879 1913 episcopi
900 1840 1064 1894 exuerunt
1088 1851 1128 1893 se
1150 1831 1346 1895 auctoritate
1373 1832 1504 1914 propria
1527 1832 1570 1895 ab
1593 1854 1693 1896 onere

336 1949 443 2030 priori,
470 1971 512 2013 sc.
544 1949 588 2015 ab
618 1960 694 2014 actu
725 1951 935 2033 praedicandi,
962 1960 996 2015 et
1026 1951 1241 2033 imponebant
1273 1951 1353 2015 illud
1385 1972 1469 2034 opus
1499 1952 1692 2028 rectoribus,

335 2069 426 2151 quod
453 2080 503 2133 est
534 2070 663 2145 salsum,
691 2081 724 2135 et
752 2091 818 2134 non
845 2091 1026 2134 consonum
1058 2070 1147 2135 sacto
1174 2069 1314 2134 Dionisii
1341 2073 1397 2153 qui
1427 2071 1491 2135 hoc
1521 2092 1586 2136 non
1614 2071 1691 2137 secit

337 2209 397 2253 nec
420 2189 527 2254 iacere
549 2192 658 2275 potuit
680 2193 845 2256 stantibus
867 2191 1009 2274 paribus,
1032 2210 1076 2254 sc.
1100 2191 1259 2255 mandato
1283 2191 1347 2255 Dei
1372 2203 1405 2256 et
1432 2191 1495 2254 illis
1518 2213 1593 2274 quae
1615 2203 1692 2256 sunt

337 2311 518 2375 necessaria
541 2312 584 2374 ad
607 2311 748 2376 salutem
771 2312 966 2376 animarum.

423 2440 456 2506 [p.
478 2439 548 2508 396]
593 2430 750 2514 Apostoli
781 2453 846 2496 non
873 2431 1042 2496 exuebant
1073 2453 1109 2494 se
1135 2453 1156 2495 a
1182 2433 1330 2496 doctrina
1359 2431 1449 2496 verbi
1478 2433 1541 2496 Dei
1573 2433 1605 2496 in
1632 2454 1693 2499 sua

335 2551 432 2616 totali
457 2553 590 2630 diocesi,
617 2554 706 2634 quod
733 2562 785 2616 est
814 2563 928 2617 contra
956 2551 1120 2616 novellam
1152 2552 1337 2617 doctrinam
1364 2553 1543 2636 Reginaldi
1571 2553 1691 2630 Pecok,

336 2671 467 2736 Wallici
497 2673 632 2755 origine,
659 2682 738 2737 tunc
768 2673 912 2756 episcopi
944 2672 1142 2737 Assavensis
1172 2683 1206 2736 et
1236 2681 1354 2755 postea
1385 2671 1608 2752 Cicestrensis,
1635 2676 1691 2757 qui

336 2814 424 2856 anno
450 2794 510 2857 Xti
537 2809 616 2873 1447
639 2793 703 2858 hoc
728 2795 841 2858 docuit
862 2793 1048 2858 Londoniae
1072 2794 1104 2856 in
1130 2794 1307 2877 perniciem
1332 2794 1474 2876 plurium
1500 2805 1533 2859 et
1557 2815 1690 2859 causam

335 2913 479 2996 plurium
506 2913 677 2977 malorum.

424 3045 458 3111 lp.
479 3044 550 3110 401]
594 3033 697 3098 Anno
729 3035 864 3098 Domini
899 3035 1134 3099 incarnacionis
1172 3053 1253 3116 1449
1289 3045 1322 3098 et
1352 3044 1469 3118 postea
1500 3035 1691 3117 praedicavit

337 3153 544 3237 Reginaldus
567 3154 676 3219 Pecok
702 3155 886 3219 Londoniae
915 3156 959 3218 ad
990 3175 1119 3219 crucem
1151 3153 1266 3220 Sancti
1296 3154 1388 3218 Pauli
1419 3155 1568 3238 apostoli,
1600 3156 1690 3236 quod

336 3277 510 3359 episcopus
537 3297 602 3339 non
630 3286 762 3340 tenetur
786 3277 967 3360 praedicare
997 3276 1030 3338 in
1060 3275 1123 3339 hoc
1154 3277 1243 3358 quod
1275 3285 1325 3339 est
1359 3275 1542 3358 episcopus,
1569 3295 1625 3337 seu
1658 3277 1689 3338 in

336 3407 498 3479 quantum
522 3405 572 3460 est
599 3397 781 3480 episcopus,
805 3406 838 3459 et
860 3397 963 3460 eciam
988 3397 1076 3478 quod
1101 3395 1202 3460 homo
1220 3397 1371 3459 crederet
1402 3395 1524 3459 racioni
1549 3395 1689 3460 naturali

334 3519 566 3602 potiusquam
589 3517 787 3582 auctoritati.
834 3516 879 3580 Et
902 3517 945 3580 de
965 3517 1019 3580 die
1044 3517 1076 3578 in
1103 3517 1191 3579 diem
1219 3515 1313 3598 pejus
1337 3528 1370 3580 et
1396 3515 1491 3598 pejus
1518 3524 1597 3578 tunc
1621 3516 1689 3598 epi-

337 3640 445 3722 scopis
465 3639 603 3720 contigit
622 3637 654 3700 in
671 3636 805 3720 Anglia.
851 3637 929 3700 Non
945 3633 1017 3722 (sic)
1035 3635 1174 3719 puplicis
1193 3635 1308 3700 officiis
1330 3635 1478 3700 civilibus
1499 3643 1532 3698 et
1553 3635 1691 3699 terrenis

335 3768 500 3836 vacantes,
524 3759 557 3821 in
582 3757 649 3820 suis
673 3756 857 3821 diocesibus
882 3777 998 3840 parum
1022 3757 1074 3820 vel
1095 3756 1221 3819 nullum
1245 3758 1367 3820 bonum
1394 3775 1453 3838 per
1477 3775 1582 3819 annos
1606 3753 1690 3820 sece-

336 3889 414 3942 runt
439 3887 472 3942 et
488 3888 684 3961 suggerente
699 3878 822 3961 populo
838 3877 964 3960 vulgari
987 3879 1160 3960 episcopus
1177 3875 1400 3955 Cicestrensis,
1416 3874 1531 3940 Adam
1548 3873 1690 3953 Mulens,

337 4001 464 4064 occisus
479 4010 558 4063 tunc
575 3999 645 4074 suit,
662 4009 695 4062 et
711 3998 896 4062 Willelmus
912 3997 1019 4076 Asku,
1035 3999 1208 4082 episcopus
1227 3996 1355 4071 Sarum,
1373 3995 1500 4060 occisus
1521 3995 1581 4064 suit
1602 4004 1690 4073 tunc,

339 4141 379 4182 eo
403 4122 490 4202 quod
519 4118 684 4183 consessor
710 4119 813 4202 Regis
842 4119 976 4182 Henrici
1005 4117 1102 4182 Sexti
1138 4129 1171 4182 et
1195 4117 1344 4181 delectus
1370 4117 1466 4180 circa.
1482 4136 1592 4198 regem
1624 4135 1690 4180 non

339 4239 527 4304 emendavit
551 4261 611 4303 nec
634 4261 654 4304 a
677 4259 753 4322 rege
777 4249 911 4323 propter
936 4238 1100 4303 defectum
1125 4237 1369 4302 emendacionis
1392 4237 1533 4316 recessit,
1557 4247 1589 4300 et
1612 4245 1690 4299 ante
