4378 4936
484 397 543 463 152
854 384 954 448 Locr'
980 396 1009 448 n
1038 385 1162 450 trano
1197 383 1453 454 thrrsrrlnr.

480 607 611 672 noticiae
638 607 693 686 rei,
718 597 798 690 quin
826 609 954 693 indiget
979 612 1117 674 audiens
1143 611 1369 676 declaracione
1396 613 1440 675 rei
1472 611 1672 692 significata,
1697 611 1836 695 propter

480 727 768 810 equivocac'ionem
788 729 890 805 verbi,
907 739 1042 813 propter
1063 731 1167 794 eciam
1191 723 1370 816 sequelam,
1391 751 1458 814 qua
1480 733 1629 814 sequitur
1650 733 1709 797 tali
1732 733 1832 816 signi·

479 846 636 912 ficacione
655 849 838 928 verborum,
857 850 934 932 quia
954 851 1050 916 aliter
1068 852 1168 916 verba
1192 831 1282 935 saepe
1301 852 1529 935 acciperentur
1549 861 1663 916 contra
1683 863 1831 918 mentem·

478 970 631 1046 auctoris,
655 979 689 1034 et
718 979 832 1034 contra
860 971 1035 1036 veritatem
1063 974 1108 1036 rei
1140 963 1365 1056 intelligibilis.
1419 973 1516 1050 Item,
1542 973 1647 1037 sancti
1678 974 1831 1038 doctores

478 1091 579 1154 verba
602 1091 662 1155 Xti
685 1100 918 1175 exposuerunt,
940 1102 974 1157 et
998 1081 1087 1157 Xtus
1113 1095 1160 1158 sic
1181 1093 1296 1172 v'oluit,
1319 1103 1353 1158 et
1379 1093 1443 1158 hoc
1470 1093 1675 1175 significavit,
1697 1096 1830 1177 quando

478 1211 575 1289 dixit,
590 1211 674 1295 ‘Qui
690 1212 791 1276 habet
812 1229 908 1277 aures
929 1214 1084 1278 audiendi
1104 1203 1239 1290 audiat)
1254 1216 1273 1279 i.
1284 1237 1312 1279 e.
1329 1215 1385 1297 qui
1405 1214 1507 1280 habet
1522 1216 1646 1278 donum
1669 1216 1713 1278 ad
1734 1216 1830 1280 intel·

479 1330 648 1413 ligendum
669 1333 770 1396 verba
791 1345 874 1411 mea,
891 1334 1017 1398 eisdem
1039 1344 1134 1398 vacet
1157 1323 1388 1418 intelligendis.
1434 1322 1530 1410 item,
1548 1336 1659 1418 magni
1678 1337 1831 1400 doctores

478 1460 513 1516 et
542 1453 749 1536 expositores
775 1455 875 1518 verba
904 1455 1039 1538 papalia
1066 1463 1292 1538 exposuerunt
1321 1476 1420 1539 super
1448 1456 1599 1535 Decreta,
1629 1455 1829 1533 Decretales,

479 1571 632 1650 Sextum,
648 1561 735 1657 Vijr,
751 1584 784 1639 et
805 1596 904 1659 super
926 1576 1202 1658 Extravagancia,
1219 1585 1252 1640 et
1274 1577 1385 1660 magni
1406 1598 1502 1660 papae
1518 1577 1582 1642 hoc
1603 1565 1671 1641 fieri
1693 1587 1829 1660 optave-

478 1704 565 1759 runt.
611 1695 706 1773 Item,
733 1717 821 1779 papa
845 1717 936 1780 saepe
959 1697 1043 1761 iallit
1068 1707 1102 1761 et
1127 1698 1258 1773 fallitur,
1285 1717 1364 1780 ergo
1392 1699 1426 1761 in
1450 1720 1516 1780 quo
1543 1698 1627 1763 fallit
1651 1708 1684 1762 et
1708 1697 1833 1762 fallitur

478 1815 750 1895 manifestaretur,
765 1825 802 1881 ut
821 1819 943 1882 veritas
967 1828 1195 1900 cognoscatur.
1240 1805 1319 1882 Non
1338 1829 1409 1882 tum
1431 1819 1609 1882 dicendum
1629 1828 1689 1896 est,
1706 1839 1828 1902 papam

477 1935 510 1999 in
533 1937 641 2000 verbis
663 1938 731 2001 suis
754 1939 934 2002 intendisse
956 1939 1059 2003 talem
1082 1939 1135 2002 vel
1162 1940 1263 2004 talem
1289 1959 1432 2014 sensum,
1455 1940 1482 2002 si
1506 1960 1593 2022 papa
1617 1939 1715 2018 dicat,
1738 1939 1827 2022 quod

476 2057 618 2139 ipsemet
633 2075 721 2141 papa
737 2059 850 2122 dicens
867 2059 922 2123 illa'
937 2059 1036 2123 verba
1052 2059 1246 2124 intendebat
1262 2063 1459 2125 contrarium
1475 2080 1617 2123 sensum.
1664 2060 1716 2123 De
1732 2061 1832 2124 rebus

477 2197 560 2259 quas
585 2179 686 2243 verba'
711 2200 807 2262 papae
835 2179 1030 2263 significant,
1058 2181 1173 2262 pocius
1199 2183 1411 2245 tractandum
1436 2190 1487 2244 est
1514 2189 1615 2264 quam
1642 2182 1685 2244 de
1711 2181 1827 2244 verbis.

477 2298 558 2364 Post
579 2310 719 2363 mortem
744 2301 842 2378 enim,
861 2301 931 2363 sine
955 2301 1126 2364 nominum
1151 2301 1315 2382 dignitate
1335 2301 1406 2365 sola
1430 2303 1591 2364 ducentur
1612 2300 1751 2383 ingenia,
1767 2320 1827 2364 nec

477 2419 699 2486 considerabit
719 2423 774 2503 qui
796 2421 939 2485 lecturus
960 2430 1019 2497 est,
1036 2421 1138 2503 cujus,
1153 2423 1212 2485 sed
1233 2421 1332 2505 quale
1353 2422 1396 2486 sit
1414 2422 1504 2504 quod
1523 2421 1667 2484 lecturus
1686 2431 1745 2500 est,
1759 2421 1828 2485 sive

477 2540 659 2623 episcopus,
674 2542 742 2604 sive
762 2542 873 2616 laicus,
890 2543 936 2605 sic
960 2543 1137 2624 imperator
1159 2552 1192 2606 et
1214 2543 1367 2606 dominus
1385 2591 1417 2607 ..
1435 2542 1550 2625 ‚Papa
1570 2544 1657 2605 enirn
1679 2535 1828 2606 consulte

476 2669 609 2724 revocat
637 2661 815 2725 instructus
842 2661 958 2744 majori
985 2663 1131 2737 scientia,
1155 2664 1245 2744 quod
1274 2663 1459 2727 inconsulte
1481 2663 1628 2737 asseruit,
1652 2671 1686 2725 et
1714 2662 1830 2726 incon:

475 2781 561 2844 sulte
573 2781 745 2846 concessit.
787 2782 856 2846 Ubi
873 2783 961 2846 enim
977 2784 1010 2846 in
1027 2783 1160 2847 bomine
1175 2785 1324 2848 sanccior
1339 2795 1387 2847 est
1403 2785 1479 2858 vita,
1493 2781 1656 2846 miraculis
1671 2783 1827 2846 divinitus

476 2900 570 2965 sactis
593 2901 796 2978 confirmata,
812 2912 846 2966 et
869 2903 924 2965 ubi
949 2914 999 2967 est
1022 2905 1054 2966 in
1077 2905 1195 2967 eodem
1222 2904 1327 2986 major
1348 2903 1489 2986 Spiritus
1514 2902 1628 2966 Sancti
1650 2904 1769 2983 gracia,
1793 2911 1827 2966 et

363 3073 368 3082 ,
476 3022 581 3104 major
601 3023 748 3095 sciencia,
770 3023 802 3084 in
824 3025 941 3086 eodem
966 3033 1016 3086 est
1040 3024 1145 3104 major
1167 3025 1345 3088 auctoritas
1367 3025 1401 3085 in
1423 3024 1588 3105 scripturis
1611 3023 1826 3105 exponendis,

475 3151 509 3205 et
536 3143 764 3226 explanandis
788 3144 846 3206 sed
873 3144 995 3206 nonin
1023 3145 1129 3207 causis
1154 3145 1354 3207 decidendis.
1403 3143 1459 3206 Ad
1488 3145 1629 3225 primum
1655 3143 1827 3224 requiritur

476 3283 596 3345 magna
621 3264 767 3339 scientia,
794 3264 838 3327 ad
868 3263 957 3327 aliud
985 3265 1180 3346 requisitum
1207 3285 1282 3328 cum
1313 3285 1420 3328 causae
1451 3265 1650 3346 cognicione‚
1677 3272 1826 3345 potestas

470 3381 652 3463 judiciaria,
675 3405 750 3466 quae
773 3385 923 3450 consistit
947 3387 979 3448 in
1003 3395 1172 3468 potestate
1194 3386 1414 3468 cognoscendi
1438 3405 1580 3463 causam,
1604 3395 1637 3448 et
1660 3385 1692 3446 in
1715 3393 1825 3466 potes·

472 3513 543 3568 tate
566 3507 790 3570 sentenciandi
814 3507 857 3570 de
879 3526 978 3570 causa
1001 3509 1143 3587 cognita,
1158 3517 1194 3570 ut
1215 3507 1362 3570 ostendit
1382 3507 1499 3569 doctor
1519 3504 1649 3569 subtilis
1668 3505 1826 3588 magister

472 3623 643 3704 Johannes
670 3626 767 3690 Duns
793 3627 826 3689 in
853 3626 914 3708 iiij⁰
936 3627 1019 3690 libro
1043 3626 1299 3703 Sententiarum,
1324 3627 1432 3709 operis
1455 3626 1503 3690 sui
1532 3624 1742 3702 Oxoniensis,
1766 3645 1825 3688 ex-

473 3746 641 3828 posicione
666 3747 709 3810 de
739 3746 943 3811 consessione
968 3747 1208 3811 sacramentali.
1257 3748 1371 3812 Unum
1399 3747 1487 3810 enim
1515 3746 1639 3809 malum
1667 3765 1824 3828 magnum

474 3866 620 3930 ecclesiae
647 3869 814 3932 modemae
842 3879 892 3932 est
915 3867 987 3942 hoc,
1014 3868 1103 3950 quod
1127 3869 1309 3932 secundum
1333 3867 1456 3932 samam
1481 3885 1693 3930 communem
1718 3865 1825 3928 homi:

473 4007 533 4049 nes
556 3988 599 4051 de
628 3988 717 4051 curia
747 4008 853 4071 papae,
877 3997 910 4051 et
941 4008 1037 4070 papae
1068 3989 1268 4064 assistentes,
1292 3990 1401 4071 ipsum
1426 4007 1547 4070 papam
1572 3985 1703 4068 publice
1727 3985 1825 4048 inter-

473 4105 570 4170 ficere
585 4108 710 4186 volunt,
725 4108 777 4170 vel
793 4108 922 4172 occulte
937 4129 996 4190 per
1011 4109 1295 4186 intoxicacionem,
1313 4109 1373 4172 nisi
1389 4129 1477 4190 papa
1491 4107 1630 4172 voluerit
1645 4107 1826 4170 concedere

473 4227 699 4291 ordinaciones
725 4227 810 4291 tales
837 4227 915 4306 fieri,
940 4229 1127 4310 exquibus
1155 4238 1336 4310 sequuntur
1362 4229 1454 4292 lucra
1477 4227 1705 4291 assistentibus
1728 4244 1824 4308 papae
