<?xml version="1.0" encoding="UTF-8"?>
<!DOCTYPE html PUBLIC "-//W3C//DTD XHTML 1.0 Transitional//EN"
    "http://www.w3.org/TR/xhtml1/DTD/xhtml1-transitional.dtd">
<html xmlns="http://www.w3.org/1999/xhtml" xml:lang="en" lang="en">
 <head>
  <title>
</title>
<meta http-equiv="Content-Type" content="text/html;charset=utf-8" />
  <meta name='ocr-system' content='tesseract 3.04.00' />
  <meta name='ocr-capabilities' content='ocr_page ocr_carea ocr_par ocr_line ocrx_word'/>
</head>
<body>
  <div class='ocr_page' id='page_1' title='image "./locielibroverit01gascgoog_0247.png"; bbox 0 0 4378 4936; ppageno 0'>
   <div class='ocr_carea' id='block_1_1' title="bbox 486 395 1460 474">
    <p class='ocr_par' dir='ltr' id='par_1_1' title="bbox 486 395 1460 474">
     <span class='ocr_line' id='line_1_1' title="bbox 486 395 1460 474; baseline 0.003 -24"><span class='ocrx_word' id='word_1_1' title='bbox 486 407 547 474; x_wconf 79' lang='lat'>134</span> <span class='ocrx_word' id='word_1_2' title='bbox 858 395 957 451; x_wconf 89' lang='lat' dir='ltr'><em>LOCI</em></span> <span class='ocrx_word' id='word_1_3' title='bbox 984 396 1013 448; x_wconf 90' lang='lat' dir='ltr'><em>E</em></span> <span class='ocrx_word' id='word_1_4' title='bbox 1042 395 1167 450; x_wconf 80' lang='lat' dir='ltr'><em>LIBRO</em></span> <span class='ocrx_word' id='word_1_5' title='bbox 1202 395 1460 453; x_wconf 82' lang='lat' dir='ltr'><em>VERITATUM.</em></span> 
     </span>
    </p>
   </div>
   <div class='ocr_carea' id='block_1_2' title="bbox 485 608 1843 2150">
    <p class='ocr_par' dir='ltr' id='par_1_2' title="bbox 485 608 1843 2150">
     <span class='ocr_line' id='line_1_2' title="bbox 485 608 1837 694; baseline -0.001 -20"><span class='ocrx_word' id='word_1_6' title='bbox 485 621 519 675; x_wconf 92' lang='lat' dir='ltr'>et</span> <span class='ocrx_word' id='word_1_7' title='bbox 543 632 637 676; x_wconf 86' lang='lat' dir='ltr'>orrea</span> <span class='ocrx_word' id='word_1_8' title='bbox 662 631 776 676; x_wconf 90' lang='lat' dir='ltr'>eorum</span> <span class='ocrx_word' id='word_1_9' title='bbox 796 611 1013 693; x_wconf 86' lang='lat' dir='ltr'>projecerunt,</span> <span class='ocrx_word' id='word_1_10' title='bbox 1032 621 1066 675; x_wconf 92' lang='lat' dir='ltr'>et</span> <span class='ocrx_word' id='word_1_11' title='bbox 1093 611 1225 694; x_wconf 89' lang='lat' dir='ltr'>penitus</span> <span class='ocrx_word' id='word_1_12' title='bbox 1247 612 1491 688; x_wconf 88' lang='lat' dir='ltr'>destmxerunt,</span> <span class='ocrx_word' id='word_1_13' title='bbox 1512 630 1587 674; x_wconf 93' lang='lat' dir='ltr'>cum</span> <span class='ocrx_word' id='word_1_14' title='bbox 1609 629 1723 677; x_wconf 90' lang='lat' dir='ltr'>eorum</span> <span class='ocrx_word' id='word_1_15' title='bbox 1741 608 1837 673; x_wconf 88' lang='lat' dir='ltr'>bonis</span> 
     </span>
     <span class='ocr_line' id='line_1_3' title="bbox 486 731 1837 816; baseline -0.003 -20"><span class='ocrx_word' id='word_1_16' title='bbox 486 741 520 796; x_wconf 91' lang='lat' dir='ltr'>et</span> <span class='ocrx_word' id='word_1_17' title='bbox 535 732 653 816; x_wconf 84' lang='lat' dir='ltr'>granis,</span> <span class='ocrx_word' id='word_1_18' title='bbox 671 744 705 798; x_wconf 92' lang='lat' dir='ltr'>et</span> <span class='ocrx_word' id='word_1_19' title='bbox 719 733 843 798; x_wconf 86' lang='lat' dir='ltr'>bestias</span> <span class='ocrx_word' id='word_1_20' title='bbox 864 753 978 796; x_wconf 89' lang='lat' dir='ltr'>eorum</span> <span class='ocrx_word' id='word_1_21' title='bbox 999 732 1210 810; x_wconf 89' lang='lat' dir='ltr'>occiderunt;</span> <span class='ocrx_word' id='word_1_22' title='bbox 1238 741 1406 796; x_wconf 88' lang='lat' dir='ltr'>ettamen</span> <span class='ocrx_word' id='word_1_23' title='bbox 1427 751 1487 796; x_wconf 91' lang='lat' dir='ltr'>nec</span> <span class='ocrx_word' id='word_1_24' title='bbox 1510 731 1543 794; x_wconf 95' lang='lat' dir='ltr'>in</span> <span class='ocrx_word' id='word_1_25' title='bbox 1563 731 1636 813; x_wconf 91' lang='lat' dir='ltr'>jure</span> <span class='ocrx_word' id='word_1_26' title='bbox 1659 731 1759 812; x_wconf 86' lang='lat' dir='ltr'>regni,</span> <span class='ocrx_word' id='word_1_27' title='bbox 1777 749 1837 793; x_wconf 91' lang='lat' dir='ltr'>nec</span> 
     </span>
     <span class='ocr_line' id='line_1_4' title="bbox 486 853 1836 937; baseline -0.002 -21"><span class='ocrx_word' id='word_1_28' title='bbox 486 854 520 916; x_wconf 93' lang='lat' dir='ltr'>in</span> <span class='ocrx_word' id='word_1_29' title='bbox 544 854 741 919; x_wconf 86' lang='lat' dir='ltr'>executione</span> <span class='ocrx_word' id='word_1_30' title='bbox 767 853 850 937; x_wconf 87' lang='lat' dir='ltr'>juris</span> <span class='ocrx_word' id='word_1_31' title='bbox 877 853 1024 919; x_wconf 87' lang='lat' dir='ltr'>ecclesiae</span> <span class='ocrx_word' id='word_1_32' title='bbox 1050 853 1157 936; x_wconf 92' lang='lat' dir='ltr'>puniti</span> <span class='ocrx_word' id='word_1_33' title='bbox 1185 853 1326 928; x_wconf 86' lang='lat' dir='ltr'>suerunt,</span> <span class='ocrx_word' id='word_1_34' title='bbox 1352 874 1412 918; x_wconf 91' lang='lat' dir='ltr'>nec</span> <span class='ocrx_word' id='word_1_35' title='bbox 1442 853 1571 936; x_wconf 90' lang='lat' dir='ltr'>perdita</span> <span class='ocrx_word' id='word_1_36' title='bbox 1595 859 1836 935; x_wconf 89' lang='lat' dir='ltr'>reparaverunt,</span> 
     </span>
     <span class='ocr_line' id='line_1_5' title="bbox 487 971 1838 1058; baseline -0.002 -21"><span class='ocrx_word' id='word_1_37' title='bbox 487 994 546 1038; x_wconf 88' lang='lat' dir='ltr'>nec</span> <span class='ocrx_word' id='word_1_38' title='bbox 577 974 621 1038; x_wconf 89' lang='lat' dir='ltr'>ad</span> <span class='ocrx_word' id='word_1_39' title='bbox 654 975 874 1058; x_wconf 87' lang='lat' dir='ltr'>reparandum</span> <span class='ocrx_word' id='word_1_40' title='bbox 903 974 1029 1057; x_wconf 89' lang='lat' dir='ltr'>aliquid</span> <span class='ocrx_word' id='word_1_41' title='bbox 1063 975 1240 1052; x_wconf 89' lang='lat' dir='ltr'>solverunt,</span> <span class='ocrx_word' id='word_1_42' title='bbox 1267 981 1301 1038; x_wconf 93' lang='lat' dir='ltr'>et</span> <span class='ocrx_word' id='word_1_43' title='bbox 1335 973 1456 1038; x_wconf 88' lang='lat' dir='ltr'><strong>milites</strong></span> <span class='ocrx_word' id='word_1_44' title='bbox 1485 974 1571 1038; x_wconf 91' lang='lat' dir='ltr'>inter</span> <span class='ocrx_word' id='word_1_45' title='bbox 1603 981 1739 1037; x_wconf 87' lang='lat' dir='ltr'>caeteros</span> <span class='ocrx_word' id='word_1_46' title='bbox 1775 971 1838 1035; x_wconf 92' lang='lat' dir='ltr'>hoc</span> 
     </span>
     <span class='ocr_line' id='line_1_6' title="bbox 486 1093 1838 1179; baseline -0.004 -19"><span class='ocrx_word' id='word_1_47' title='bbox 486 1095 642 1161; x_wconf 79' lang='lat' dir='ltr'>lecerunt.</span> <span class='ocrx_word' id='word_1_48' title='bbox 688 1097 784 1174; x_wconf 88' lang='lat' dir='ltr'>Item,</span> <span class='ocrx_word' id='word_1_49' title='bbox 809 1097 885 1160; x_wconf 92' lang='lat' dir='ltr'>novi</span> <span class='ocrx_word' id='word_1_50' title='bbox 911 1117 1013 1161; x_wconf 93' lang='lat' dir='ltr'>unum</span> <span class='ocrx_word' id='word_1_51' title='bbox 1035 1095 1191 1179; x_wconf 89' lang='lat' dir='ltr'>juvenem</span> <span class='ocrx_word' id='word_1_52' title='bbox 1217 1096 1448 1160; x_wconf 84' lang='lat' dir='ltr'>verberantem</span> <span class='ocrx_word' id='word_1_53' title='bbox 1474 1095 1575 1159; x_wconf 92' lang='lat' dir='ltr'>alium</span> <span class='ocrx_word' id='word_1_54' title='bbox 1602 1093 1771 1158; x_wconf 90' lang='lat' dir='ltr'>hominem</span> <span class='ocrx_word' id='word_1_55' title='bbox 1798 1113 1838 1156; x_wconf 93' lang='lat' dir='ltr'>eo</span> 
     </span>
     <span class='ocr_line' id='line_1_7' title="bbox 487 1213 1840 1300; baseline -0.003 -20"><span class='ocrx_word' id='word_1_56' title='bbox 487 1220 577 1300; x_wconf 93' lang='lat' dir='ltr'>quod</span> <span class='ocrx_word' id='word_1_57' title='bbox 609 1219 698 1283; x_wconf 91' lang='lat' dir='ltr'>idem</span> <span class='ocrx_word' id='word_1_58' title='bbox 728 1218 918 1282; x_wconf 89' lang='lat' dir='ltr'>verberatus</span> <span class='ocrx_word' id='word_1_59' title='bbox 945 1218 1051 1283; x_wconf 90' lang='lat' dir='ltr'>voluit</span> <span class='ocrx_word' id='word_1_60' title='bbox 1081 1219 1225 1300; x_wconf 87' lang='lat' dir='ltr'>inpuisse</span> <span class='ocrx_word' id='word_1_61' title='bbox 1259 1237 1360 1281; x_wconf 92' lang='lat' dir='ltr'>unum</span> <span class='ocrx_word' id='word_1_62' title='bbox 1391 1237 1506 1282; x_wconf 88' lang='lat' dir='ltr'>canem</span> <span class='ocrx_word' id='word_1_63' title='bbox 1538 1215 1686 1300; x_wconf 85' lang='lat' dir='ltr'>magistri</span> <span class='ocrx_word' id='word_1_64' title='bbox 1716 1213 1775 1291; x_wconf 90' lang='lat' dir='ltr'>sui,</span> <span class='ocrx_word' id='word_1_65' title='bbox 1805 1223 1840 1277; x_wconf 85' lang='lat' dir='ltr'>et</span> 
     </span>
     <span class='ocr_line' id='line_1_8' title="bbox 488 1336 1838 1422; baseline -0.001 -21"><span class='ocrx_word' id='word_1_66' title='bbox 488 1359 570 1402; x_wconf 86' lang='lat' dir='ltr'>mox</span> <span class='ocrx_word' id='word_1_67' title='bbox 593 1360 677 1403; x_wconf 92' lang='lat' dir='ltr'>unus</span> <span class='ocrx_word' id='word_1_68' title='bbox 698 1340 860 1422; x_wconf 91' lang='lat' dir='ltr'>pessimus</span> <span class='ocrx_word' id='word_1_69' title='bbox 884 1339 978 1404; x_wconf 91' lang='lat' dir='ltr'>miles</span> <span class='ocrx_word' id='word_1_70' title='bbox 1003 1348 1037 1404; x_wconf 91' lang='lat' dir='ltr'>et</span> <span class='ocrx_word' id='word_1_71' title='bbox 1061 1339 1146 1403; x_wconf 90' lang='lat' dir='ltr'>filius</span> <span class='ocrx_word' id='word_1_72' title='bbox 1169 1337 1304 1422; x_wconf 81' lang='lat' dir='ltr'>dyaboli</span> <span class='ocrx_word' id='word_1_73' title='bbox 1328 1348 1362 1403; x_wconf 91' lang='lat' dir='ltr'>et</span> <span class='ocrx_word' id='word_1_74' title='bbox 1384 1350 1512 1421; x_wconf 91' lang='lat' dir='ltr'>patrem</span> <span class='ocrx_word' id='word_1_75' title='bbox 1535 1337 1646 1420; x_wconf 89' lang='lat' dir='ltr'>ipsius,</span> <span class='ocrx_word' id='word_1_76' title='bbox 1667 1336 1724 1419; x_wconf 91' lang='lat' dir='ltr'>qui</span> <span class='ocrx_word' id='word_1_77' title='bbox 1747 1357 1838 1400; x_wconf 89' lang='lat' dir='ltr'>reum</span> 
     </span>
     <span class='ocr_line' id='line_1_9' title="bbox 487 1457 1839 1544; baseline -0.001 -23"><span class='ocrx_word' id='word_1_78' title='bbox 487 1460 679 1538; x_wconf 88' lang='lat' dir='ltr'>verberavit,</span> <span class='ocrx_word' id='word_1_79' title='bbox 710 1461 806 1544; x_wconf 89' lang='lat' dir='ltr'>cepit,</span> <span class='ocrx_word' id='word_1_80' title='bbox 837 1459 960 1543; x_wconf 82' lang='lat' dir='ltr'>ligavit,</span> <span class='ocrx_word' id='word_1_81' title='bbox 984 1469 1018 1524; x_wconf 92' lang='lat' dir='ltr'>et</span> <span class='ocrx_word' id='word_1_82' title='bbox 1048 1458 1146 1526; x_wconf 81' lang='lat' dir='ltr'>duxit</span> <span class='ocrx_word' id='word_1_83' title='bbox 1176 1459 1314 1543; x_wconf 88' lang='lat' dir='ltr'>ligatum</span> <span class='ocrx_word' id='word_1_84' title='bbox 1342 1461 1385 1523; x_wconf 93' lang='lat' dir='ltr'>ad</span> <span class='ocrx_word' id='word_1_85' title='bbox 1416 1468 1572 1534; x_wconf 86' lang='lat' dir='ltr'>castrum,</span> <span class='ocrx_word' id='word_1_86' title='bbox 1596 1466 1630 1522; x_wconf 93' lang='lat' dir='ltr'>et</span> <span class='ocrx_word' id='word_1_87' title='bbox 1656 1457 1701 1520; x_wconf 90' lang='lat' dir='ltr'>ibi</span> <span class='ocrx_word' id='word_1_88' title='bbox 1731 1457 1839 1539; x_wconf 88' lang='lat' dir='ltr'>ipsum</span> 
     </span>
     <span class='ocr_line' id='line_1_10' title="bbox 488 1579 1840 1658; baseline -0.004 -14"><span class='ocrx_word' id='word_1_89' title='bbox 488 1581 632 1645; x_wconf 89' lang='lat' dir='ltr'>detinuit</span> <span class='ocrx_word' id='word_1_90' title='bbox 659 1583 691 1644; x_wconf 92' lang='lat' dir='ltr'>in</span> <span class='ocrx_word' id='word_1_91' title='bbox 717 1581 802 1646; x_wconf 83' lang='lat' dir='ltr'>ferro</span> <span class='ocrx_word' id='word_1_92' title='bbox 828 1591 863 1646; x_wconf 91' lang='lat' dir='ltr'>et</span> <span class='ocrx_word' id='word_1_93' title='bbox 888 1581 985 1658; x_wconf 85' lang='lat' dir='ltr'>same,</span> <span class='ocrx_word' id='word_1_94' title='bbox 1009 1582 1098 1646; x_wconf 88' lang='lat' dir='ltr'>unde</span> <span class='ocrx_word' id='word_1_95' title='bbox 1123 1602 1167 1645; x_wconf 87' lang='lat' dir='ltr'>ex</span> <span class='ocrx_word' id='word_1_96' title='bbox 1195 1581 1252 1644; x_wconf 91' lang='lat' dir='ltr'>illa</span> <span class='ocrx_word' id='word_1_97' title='bbox 1278 1579 1533 1644; x_wconf 89' lang='lat' dir='ltr'>incarceratione</span> <span class='ocrx_word' id='word_1_98' title='bbox 1563 1579 1772 1656; x_wconf 90' lang='lat' dir='ltr'>moriebatur,</span> <span class='ocrx_word' id='word_1_99' title='bbox 1797 1597 1840 1640; x_wconf 90' lang='lat' dir='ltr'>ex</span> 
     </span>
     <span class='ocr_line' id='line_1_11' title="bbox 489 1699 1842 1784; baseline 0 -22"><span class='ocrx_word' id='word_1_100' title='bbox 489 1700 733 1766; x_wconf 88' lang='lat' dir='ltr'>infirmitatibus</span> <span class='ocrx_word' id='word_1_101' title='bbox 763 1712 797 1767; x_wconf 92' lang='lat' dir='ltr'>et</span> <span class='ocrx_word' id='word_1_102' title='bbox 826 1703 995 1767; x_wconf 89' lang='lat' dir='ltr'>doloribus</span> <span class='ocrx_word' id='word_1_103' title='bbox 1029 1702 1172 1766; x_wconf 87' lang='lat' dir='ltr'>causatis</span> <span class='ocrx_word' id='word_1_104' title='bbox 1201 1702 1234 1764; x_wconf 93' lang='lat' dir='ltr'>in</span> <span class='ocrx_word' id='word_1_105' title='bbox 1264 1702 1344 1784; x_wconf 90' lang='lat' dir='ltr'>ipso,</span> <span class='ocrx_word' id='word_1_106' title='bbox 1374 1702 1454 1765; x_wconf 93' lang='lat' dir='ltr'>dum</span> <span class='ocrx_word' id='word_1_107' title='bbox 1485 1699 1547 1764; x_wconf 83' lang='lat' dir='ltr'>suit</span> <span class='ocrx_word' id='word_1_108' title='bbox 1577 1701 1611 1763; x_wconf 92' lang='lat' dir='ltr'>in</span> <span class='ocrx_word' id='word_1_109' title='bbox 1641 1719 1778 1776; x_wconf 89' lang='lat' dir='ltr'>carcere,</span> <span class='ocrx_word' id='word_1_110' title='bbox 1806 1708 1842 1762; x_wconf 91' lang='lat' dir='ltr'>et</span> 
     </span>
     <span class='ocr_line' id='line_1_12' title="bbox 488 1819 1842 1905; baseline -0.001 -20"><span class='ocrx_word' id='word_1_111' title='bbox 488 1823 586 1887; x_wconf 89' lang='lat' dir='ltr'>valde</span> <span class='ocrx_word' id='word_1_112' title='bbox 611 1824 718 1888; x_wconf 89' lang='lat' dir='ltr'>bonus</span> <span class='ocrx_word' id='word_1_113' title='bbox 743 1824 845 1888; x_wconf 93' lang='lat' dir='ltr'>homo</span> <span class='ocrx_word' id='word_1_114' title='bbox 870 1823 931 1888; x_wconf 87' lang='lat' dir='ltr'>fuit</span> <span class='ocrx_word' id='word_1_115' title='bbox 959 1825 992 1887; x_wconf 91' lang='lat' dir='ltr'>in</span> <span class='ocrx_word' id='word_1_116' title='bbox 1018 1823 1115 1901; x_wconf 88' lang='lat' dir='ltr'>sama,</span> <span class='ocrx_word' id='word_1_117' title='bbox 1143 1833 1177 1887; x_wconf 91' lang='lat' dir='ltr'>et</span> <span class='ocrx_word' id='word_1_118' title='bbox 1202 1822 1397 1905; x_wconf 86' lang='lat' dir='ltr'>praedictam</span> <span class='ocrx_word' id='word_1_119' title='bbox 1423 1822 1684 1887; x_wconf 86' lang='lat' dir='ltr'>verberationem</span> <span class='ocrx_word' id='word_1_120' title='bbox 1710 1819 1842 1904; x_wconf 88' lang='lat' dir='ltr'>penitus</span> 
     </span>
     <span class='ocr_line' id='line_1_13' title="bbox 489 1943 1842 2029; baseline -0.002 -21"><span class='ocrx_word' id='word_1_121' title='bbox 489 1945 659 2028; x_wconf 85' lang='lat' dir='ltr'>ignoravit,</span> <span class='ocrx_word' id='word_1_122' title='bbox 675 1967 735 2012; x_wconf 89' lang='lat' dir='ltr'>nec</span> <span class='ocrx_word' id='word_1_123' title='bbox 758 1955 835 2029; x_wconf 92' lang='lat' dir='ltr'>post</span> <span class='ocrx_word' id='word_1_124' title='bbox 857 1945 980 2010; x_wconf 80' lang='lat' dir='ltr'>factum</span> <span class='ocrx_word' id='word_1_125' title='bbox 1003 1947 1115 2027; x_wconf 86' lang='lat' dir='ltr'>agenti</span> <span class='ocrx_word' id='word_1_126' title='bbox 1138 1943 1279 2022; x_wconf 82' lang='lat' dir='ltr'>favebat,</span> <span class='ocrx_word' id='word_1_127' title='bbox 1294 1953 1328 2008; x_wconf 92' lang='lat' dir='ltr'>et</span> <span class='ocrx_word' id='word_1_128' title='bbox 1350 1954 1421 2009; x_wconf 92' lang='lat' dir='ltr'>tum</span> <span class='ocrx_word' id='word_1_129' title='bbox 1440 1946 1611 2028; x_wconf 90' lang='lat' dir='ltr'>tyrannice</span> <span class='ocrx_word' id='word_1_130' title='bbox 1632 1947 1705 2010; x_wconf 83' lang='lat' dir='ltr'>haec</span> <span class='ocrx_word' id='word_1_131' title='bbox 1726 1963 1842 2027; x_wconf 86' lang='lat' dir='ltr'>passus</span> 
     </span>
     <span class='ocr_line' id='line_1_14' title="bbox 490 2064 1843 2150; baseline -0.006 -16"><span class='ocrx_word' id='word_1_132' title='bbox 490 2078 549 2144; x_wconf 89' lang='lat' dir='ltr'>est,</span> <span class='ocrx_word' id='word_1_133' title='bbox 569 2079 603 2132; x_wconf 89' lang='lat' dir='ltr'>et</span> <span class='ocrx_word' id='word_1_134' title='bbox 625 2070 674 2132; x_wconf 91' lang='lat' dir='ltr'>sui</span> <span class='ocrx_word' id='word_1_135' title='bbox 698 2068 757 2131; x_wconf 92' lang='lat' dir='ltr'>filii</span> <span class='ocrx_word' id='word_1_136' title='bbox 779 2068 874 2150; x_wconf 88' lang='lat' dir='ltr'>plura</span> <span class='ocrx_word' id='word_1_137' title='bbox 899 2067 986 2130; x_wconf 90' lang='lat' dir='ltr'>mala</span> <span class='ocrx_word' id='word_1_138' title='bbox 1013 2067 1101 2149; x_wconf 91' lang='lat' dir='ltr'>passi</span> <span class='ocrx_word' id='word_1_139' title='bbox 1124 2077 1211 2130; x_wconf 94' lang='lat' dir='ltr'>sunt.</span> <span class='ocrx_word' id='word_1_140' title='bbox 1258 2066 1354 2144; x_wconf 93' lang='lat' dir='ltr'>Item,</span> <span class='ocrx_word' id='word_1_141' title='bbox 1379 2067 1467 2130; x_wconf 93' lang='lat' dir='ltr'>idem</span> <span class='ocrx_word' id='word_1_142' title='bbox 1492 2076 1653 2149; x_wconf 90' lang='lat' dir='ltr'>tyrannus</span> <span class='ocrx_word' id='word_1_143' title='bbox 1674 2064 1727 2129; x_wconf 84' lang='lat' dir='ltr'>vel</span> <span class='ocrx_word' id='word_1_144' title='bbox 1748 2064 1843 2128; x_wconf 88' lang='lat' dir='ltr'>miles</span> 
     </span>
    </p>
   </div>
   <div class='ocr_carea' id='block_1_3' title="bbox 489 2186 1842 2271">
    <p class='ocr_par' dir='ltr' id='par_1_3' title="bbox 489 2186 1842 2271">
     <span class='ocr_line' id='line_1_15' title="bbox 489 2186 1842 2271; baseline -0.003 -17"><span class='ocrx_word' id='word_1_145' title='bbox 489 2191 639 2255; x_wconf 90' lang='lat' dir='ltr'>vendidit</span> <span class='ocrx_word' id='word_1_146' title='bbox 672 2210 773 2255; x_wconf 89' lang='lat' dir='ltr'>unam</span> <span class='ocrx_word' id='word_1_147' title='bbox 807 2209 963 2271; x_wconf 84' lang='lat' dir='ltr'>magnam</span> <span class='ocrx_word' id='word_1_148' title='bbox 997 2187 1122 2266; x_wconf 90' lang='lat' dir='ltr'>silvam,</span> <span class='ocrx_word' id='word_1_149' title='bbox 1152 2189 1214 2251; x_wconf 93' lang='lat' dir='ltr'>sub</span> <span class='ocrx_word' id='word_1_150' title='bbox 1248 2209 1309 2252; x_wconf 86' lang='lat' dir='ltr'>suo</span> <span class='ocrx_word' id='word_1_151' title='bbox 1344 2189 1448 2271; x_wconf 88' lang='lat' dir='ltr'>signo,</span> <span class='ocrx_word' id='word_1_152' title='bbox 1483 2189 1537 2252; x_wconf 90' lang='lat' dir='ltr'>uni</span> <span class='ocrx_word' id='word_1_153' title='bbox 1575 2189 1644 2252; x_wconf 92' lang='lat' dir='ltr'>viro</span> <span class='ocrx_word' id='word_1_154' title='bbox 1677 2186 1779 2264; x_wconf 87' lang='lat' dir='ltr'>fideli,</span> <span class='ocrx_word' id='word_1_155' title='bbox 1809 2196 1842 2250; x_wconf 88' lang='lat' dir='ltr'>et</span> 
     </span>
    </p>
   </div>
   <div class='ocr_carea' id='block_1_4' title="bbox 489 2309 1846 3238">
    <p class='ocr_par' dir='ltr' id='par_1_4' title="bbox 489 2309 1846 3238">
     <span class='ocr_line' id='line_1_16' title="bbox 490 2309 1843 2394; baseline -0.001 -19"><span class='ocrx_word' id='word_1_156' title='bbox 490 2312 626 2392; x_wconf 88' lang='lat' dir='ltr'>quando</span> <span class='ocrx_word' id='word_1_157' title='bbox 652 2311 826 2394; x_wconf 89' lang='lat' dir='ltr'>pecuniam</span> <span class='ocrx_word' id='word_1_158' title='bbox 851 2330 918 2393; x_wconf 84' lang='lat' dir='ltr'>prae</span> <span class='ocrx_word' id='word_1_159' title='bbox 946 2309 1099 2372; x_wconf 90' lang='lat' dir='ltr'>manibus</span> <span class='ocrx_word' id='word_1_160' title='bbox 1128 2310 1264 2392; x_wconf 87' lang='lat' dir='ltr'>accepit,</span> <span class='ocrx_word' id='word_1_161' title='bbox 1290 2330 1371 2372; x_wconf 88' lang='lat' dir='ltr'>mox</span> <span class='ocrx_word' id='word_1_162' title='bbox 1396 2309 1513 2374; x_wconf 91' lang='lat' dir='ltr'>silvam</span> <span class='ocrx_word' id='word_1_163' title='bbox 1541 2309 1631 2374; x_wconf 88' lang='lat' dir='ltr'>illam</span> <span class='ocrx_word' id='word_1_164' title='bbox 1658 2329 1679 2374; x_wconf 90' lang='lat' dir='ltr'>a</span> <span class='ocrx_word' id='word_1_165' title='bbox 1705 2309 1843 2393; x_wconf 80' lang='lat' dir='ltr'>praelato</span> 
     </span>
     <span class='ocr_line' id='line_1_17' title="bbox 490 2430 1844 2516; baseline -0.001 -20"><span class='ocrx_word' id='word_1_166' title='bbox 490 2433 560 2497; x_wconf 95' lang='lat' dir='ltr'>viro</span> <span class='ocrx_word' id='word_1_167' title='bbox 585 2433 618 2494; x_wconf 89' lang='lat' dir='ltr'>vi</span> <span class='ocrx_word' id='word_1_168' title='bbox 642 2432 790 2510; x_wconf 89' lang='lat' dir='ltr'>abstulit,</span> <span class='ocrx_word' id='word_1_169' title='bbox 815 2440 849 2495; x_wconf 92' lang='lat' dir='ltr'>et</span> <span class='ocrx_word' id='word_1_170' title='bbox 874 2430 947 2494; x_wconf 88' lang='lat' dir='ltr'>aliis</span> <span class='ocrx_word' id='word_1_171' title='bbox 972 2430 1130 2507; x_wconf 88' lang='lat' dir='ltr'>vendidit,</span> <span class='ocrx_word' id='word_1_172' title='bbox 1154 2442 1187 2495; x_wconf 92' lang='lat' dir='ltr'>et</span> <span class='ocrx_word' id='word_1_173' title='bbox 1212 2432 1244 2495; x_wconf 94' lang='lat' dir='ltr'>in</span> <span class='ocrx_word' id='word_1_174' title='bbox 1268 2452 1329 2494; x_wconf 91' lang='lat' dir='ltr'>suo</span> <span class='ocrx_word' id='word_1_175' title='bbox 1354 2432 1486 2515; x_wconf 89' lang='lat' dir='ltr'>proprio</span> <span class='ocrx_word' id='word_1_176' title='bbox 1509 2431 1583 2496; x_wconf 93' lang='lat' dir='ltr'>loco</span> <span class='ocrx_word' id='word_1_177' title='bbox 1604 2431 1786 2516; x_wconf 87' lang='lat' dir='ltr'>asportavit</span> <span class='ocrx_word' id='word_1_178' title='bbox 1809 2439 1844 2495; x_wconf 90' lang='lat' dir='ltr'>et</span> 
     </span>
     <span class='ocr_line' id='line_1_18' title="bbox 491 2551 1843 2635; baseline -0.001 -19"><span class='ocrx_word' id='word_1_179' title='bbox 491 2553 682 2618; x_wconf 90' lang='lat' dir='ltr'>indenturas</span> <span class='ocrx_word' id='word_1_180' title='bbox 706 2553 792 2634; x_wconf 88' lang='lat' dir='ltr'>parti</span> <span class='ocrx_word' id='word_1_181' title='bbox 820 2553 868 2615; x_wconf 89' lang='lat' dir='ltr'>sui</span> <span class='ocrx_word' id='word_1_182' title='bbox 895 2551 1001 2635; x_wconf 81' lang='lat' dir='ltr'>fregit.</span> <span class='ocrx_word' id='word_1_183' title='bbox 1056 2551 1158 2615; x_wconf 90' lang='lat' dir='ltr'>Unde</span> <span class='ocrx_word' id='word_1_184' title='bbox 1188 2552 1243 2615; x_wconf 93' lang='lat' dir='ltr'>ille</span> <span class='ocrx_word' id='word_1_185' title='bbox 1269 2551 1376 2615; x_wconf 87' lang='lat' dir='ltr'>fidelis</span> <span class='ocrx_word' id='word_1_186' title='bbox 1404 2553 1508 2617; x_wconf 93' lang='lat' dir='ltr'>homo</span> <span class='ocrx_word' id='word_1_187' title='bbox 1532 2554 1645 2616; x_wconf 87' lang='lat' dir='ltr'>omnia</span> <span class='ocrx_word' id='word_1_188' title='bbox 1666 2553 1754 2616; x_wconf 90' lang='lat' dir='ltr'>bona</span> <span class='ocrx_word' id='word_1_189' title='bbox 1783 2572 1843 2615; x_wconf 90' lang='lat' dir='ltr'>sua</span> 
     </span>
     <span class='ocr_line' id='line_1_19' title="bbox 491 2672 1845 2758; baseline -0.002 -20"><span class='ocrx_word' id='word_1_190' title='bbox 491 2672 645 2758; x_wconf 88' lang='lat' dir='ltr'>perdidit,</span> <span class='ocrx_word' id='word_1_191' title='bbox 669 2682 703 2737; x_wconf 92' lang='lat' dir='ltr'>et</span> <span class='ocrx_word' id='word_1_192' title='bbox 732 2673 767 2736; x_wconf 93' lang='lat' dir='ltr'>in</span> <span class='ocrx_word' id='word_1_193' title='bbox 794 2692 915 2755; x_wconf 85' lang='lat' dir='ltr'>magna</span> <span class='ocrx_word' id='word_1_194' title='bbox 937 2673 1075 2736; x_wconf 88' lang='lat' dir='ltr'>tristicia</span> <span class='ocrx_word' id='word_1_195' title='bbox 1098 2672 1189 2751; x_wconf 90' lang='lat' dir='ltr'>obiit,</span> <span class='ocrx_word' id='word_1_196' title='bbox 1212 2681 1246 2737; x_wconf 91' lang='lat' dir='ltr'>et</span> <span class='ocrx_word' id='word_1_197' title='bbox 1268 2683 1383 2737; x_wconf 91' lang='lat' dir='ltr'>tamen</span> <span class='ocrx_word' id='word_1_198' title='bbox 1409 2673 1442 2736; x_wconf 91' lang='lat' dir='ltr'>in</span> <span class='ocrx_word' id='word_1_199' title='bbox 1464 2673 1588 2738; x_wconf 88' lang='lat' dir='ltr'>talibus</span> <span class='ocrx_word' id='word_1_200' title='bbox 1614 2673 1710 2736; x_wconf 92' lang='lat' dir='ltr'>malis</span> <span class='ocrx_word' id='word_1_201' title='bbox 1736 2672 1845 2736; x_wconf 90' lang='lat' dir='ltr'>nullus</span> 
     </span>
     <span class='ocr_line' id='line_1_20' title="bbox 489 2793 1846 2877; baseline -0.001 -20"><span class='ocrx_word' id='word_1_202' title='bbox 489 2794 595 2877; x_wconf 86' lang='lat' dir='ltr'>judex</span> <span class='ocrx_word' id='word_1_203' title='bbox 623 2793 718 2870; x_wconf 90' lang='lat' dir='ltr'>sedit,</span> <span class='ocrx_word' id='word_1_204' title='bbox 742 2813 802 2857; x_wconf 89' lang='lat' dir='ltr'>nec</span> <span class='ocrx_word' id='word_1_205' title='bbox 825 2801 1003 2876; x_wconf 90' lang='lat' dir='ltr'>tyrannum</span> <span class='ocrx_word' id='word_1_206' title='bbox 1028 2793 1226 2877; x_wconf 83' lang='lat' dir='ltr'>praedictum</span> <span class='ocrx_word' id='word_1_207' title='bbox 1250 2794 1388 2877; x_wconf 90' lang='lat' dir='ltr'>punivit,</span> <span class='ocrx_word' id='word_1_208' title='bbox 1416 2814 1475 2858; x_wconf 88' lang='lat' dir='ltr'>nec</span> <span class='ocrx_word' id='word_1_209' title='bbox 1500 2794 1626 2858; x_wconf 85' lang='lat' dir='ltr'>audent</span> <span class='ocrx_word' id='word_1_210' title='bbox 1648 2793 1721 2876; x_wconf 88' lang='lat' dir='ltr'>jam</span> <span class='ocrx_word' id='word_1_211' title='bbox 1748 2793 1846 2857; x_wconf 85' lang='lat' dir='ltr'>susti·</span> 
     </span>
     <span class='ocr_line' id='line_1_21' title="bbox 492 2913 1846 2997; baseline -0.001 -19"><span class='ocrx_word' id='word_1_212' title='bbox 492 2925 609 2979; x_wconf 80' lang='lat' dir='ltr'>nentes</span> <span class='ocrx_word' id='word_1_213' title='bbox 637 2913 827 2978; x_wconf 82' lang='lat' dir='ltr'>manifestas</span> <span class='ocrx_word' id='word_1_214' title='bbox 849 2913 984 2996; x_wconf 86' lang='lat' dir='ltr'>injurias</span> <span class='ocrx_word' id='word_1_215' title='bbox 1010 2913 1169 2997; x_wconf 86' lang='lat' dir='ltr'>quaerelas</span> <span class='ocrx_word' id='word_1_216' title='bbox 1191 2935 1268 2978; x_wconf 89' lang='lat' dir='ltr'>suas</span> <span class='ocrx_word' id='word_1_217' title='bbox 1291 2935 1428 2992; x_wconf 86' lang='lat' dir='ltr'>narrare,</span> <span class='ocrx_word' id='word_1_218' title='bbox 1447 2935 1508 2979; x_wconf 92' lang='lat' dir='ltr'>nec</span> <span class='ocrx_word' id='word_1_219' title='bbox 1532 2916 1649 2992; x_wconf 89' lang='lat' dir='ltr'>dicere,</span> <span class='ocrx_word' id='word_1_220' title='bbox 1670 2935 1730 2978; x_wconf 90' lang='lat' dir='ltr'>nec</span> <span class='ocrx_word' id='word_1_221' title='bbox 1753 2915 1846 2979; x_wconf 91' lang='lat' dir='ltr'>testi·</span> 
     </span>
     <span class='ocr_line' id='line_1_22' title="bbox 494 3033 1846 3118; baseline -0.001 -19"><span class='ocrx_word' id='word_1_222' title='bbox 494 3037 642 3099; x_wconf 88' lang='lat' dir='ltr'>monium</span> <span class='ocrx_word' id='word_1_223' title='bbox 660 3033 839 3118; x_wconf 86' lang='lat' dir='ltr'>perhibere,</span> <span class='ocrx_word' id='word_1_224' title='bbox 854 3035 932 3117; x_wconf 92' lang='lat' dir='ltr'>quia</span> <span class='ocrx_word' id='word_1_225' title='bbox 955 3055 1037 3098; x_wconf 87' lang='lat' dir='ltr'>mox</span> <span class='ocrx_word' id='word_1_226' title='bbox 1055 3044 1133 3098; x_wconf 88' lang='lat' dir='ltr'>tunc</span> <span class='ocrx_word' id='word_1_227' title='bbox 1151 3036 1365 3099; x_wconf 90' lang='lat' dir='ltr'>verberantur</span> <span class='ocrx_word' id='word_1_228' title='bbox 1381 3034 1433 3099; x_wconf 91' lang='lat' dir='ltr'>vel</span> <span class='ocrx_word' id='word_1_229' title='bbox 1457 3037 1658 3111; x_wconf 88' lang='lat' dir='ltr'>occiduntur,</span> <span class='ocrx_word' id='word_1_230' title='bbox 1675 3045 1709 3099; x_wconf 91' lang='lat' dir='ltr'>et</span> <span class='ocrx_word' id='word_1_231' title='bbox 1727 3037 1846 3099; x_wconf 91' lang='lat' dir='ltr'>domus</span> 
     </span>
     <span class='ocr_line' id='line_1_23' title="bbox 493 3154 1846 3238; baseline 0 -18"><span class='ocrx_word' id='word_1_232' title='bbox 493 3175 607 3220; x_wconf 90' lang='lat' dir='ltr'>eorum</span> <span class='ocrx_word' id='word_1_233' title='bbox 630 3157 852 3232; x_wconf 85' lang='lat' dir='ltr'>destruuntur,</span> <span class='ocrx_word' id='word_1_234' title='bbox 868 3165 901 3218; x_wconf 87' lang='lat' dir='ltr'>et</span> <span class='ocrx_word' id='word_1_235' title='bbox 924 3154 1081 3237; x_wconf 86' lang='lat' dir='ltr'>sugantur</span> <span class='ocrx_word' id='word_1_236' title='bbox 1103 3176 1217 3218; x_wconf 91' lang='lat' dir='ltr'>eorum</span> <span class='ocrx_word' id='word_1_237' title='bbox 1232 3157 1339 3235; x_wconf 90' lang='lat' dir='ltr'>amici,</span> <span class='ocrx_word' id='word_1_238' title='bbox 1354 3157 1504 3238; x_wconf 91' lang='lat' dir='ltr'>quamvis</span> <span class='ocrx_word' id='word_1_239' title='bbox 1528 3155 1627 3219; x_wconf 93' lang='lat' dir='ltr'>nichil</span> <span class='ocrx_word' id='word_1_240' title='bbox 1654 3157 1686 3218; x_wconf 91' lang='lat' dir='ltr'>in</span> <span class='ocrx_word' id='word_1_241' title='bbox 1708 3157 1846 3221; x_wconf 88' lang='lat' dir='ltr'>materia</span> 
     </span>
    </p>
   </div>
   <div class='ocr_carea' id='block_1_5' title="bbox 493 3275 1969 3360">
    <p class='ocr_par' dir='ltr' id='par_1_5' title="bbox 493 3275 1969 3360">
     <span class='ocr_line' id='line_1_24' title="bbox 493 3275 1969 3360; baseline 0 -20"><span class='ocrx_word' id='word_1_242' title='bbox 493 3287 604 3360; x_wconf 85' lang='lat' dir='ltr'>agant.</span> <span class='ocrx_word' id='word_1_243' title='bbox 651 3275 734 3340; x_wconf 86' lang='lat' dir='ltr'>Haec</span> <span class='ocrx_word' id='word_1_244' title='bbox 757 3276 872 3353; x_wconf 88' lang='lat' dir='ltr'>scribo,</span> <span class='ocrx_word' id='word_1_245' title='bbox 896 3285 932 3338; x_wconf 84' lang='lat' dir='ltr'>ut</span> <span class='ocrx_word' id='word_1_246' title='bbox 954 3277 1077 3358; x_wconf 88' lang='lat' dir='ltr'>posteri</span> <span class='ocrx_word' id='word_1_247' title='bbox 1104 3286 1305 3357; x_wconf 88' lang='lat' dir='ltr'>cognoscant</span> <span class='ocrx_word' id='word_1_248' title='bbox 1333 3277 1421 3359; x_wconf 94' lang='lat' dir='ltr'>quod</span> <span class='ocrx_word' id='word_1_249' title='bbox 1448 3275 1535 3358; x_wconf 89' lang='lat' dir='ltr'>juste</span> <span class='ocrx_word' id='word_1_250' title='bbox 1562 3276 1657 3358; x_wconf 90' lang='lat' dir='ltr'>punit</span> <span class='ocrx_word' id='word_1_251' title='bbox 1681 3276 1847 3340; x_wconf 90' lang='lat' dir='ltr'>Dominus</span> <span class='ocrx_word' id='word_1_252' title='bbox 1966 3349 1969 3354; x_wconf 27' lang='lat'>¹</span> 
     </span>
    </p>
   </div>
   <div class='ocr_carea' id='block_1_6' title="bbox 489 3395 1850 4334">
    <p class='ocr_par' dir='ltr' id='par_1_6' title="bbox 489 3395 1850 4086">
     <span class='ocr_line' id='line_1_25' title="bbox 495 3395 1846 3479; baseline -0.001 -17"><span class='ocrx_word' id='word_1_253' title='bbox 495 3417 633 3479; x_wconf 87' lang='lat' dir='ltr'>regnum</span> <span class='ocrx_word' id='word_1_254' title='bbox 661 3397 716 3459; x_wconf 94' lang='lat' dir='ltr'>ubi</span> <span class='ocrx_word' id='word_1_255' title='bbox 745 3395 825 3460; x_wconf 90' lang='lat' dir='ltr'>talia</span> <span class='ocrx_word' id='word_1_256' title='bbox 851 3397 955 3460; x_wconf 92' lang='lat' dir='ltr'>multa</span> <span class='ocrx_word' id='word_1_257' title='bbox 981 3395 1045 3459; x_wconf 88' lang='lat' dir='ltr'>alia</span> <span class='ocrx_word' id='word_1_258' title='bbox 1069 3397 1212 3478; x_wconf 89' lang='lat' dir='ltr'>pessima</span> <span class='ocrx_word' id='word_1_259' title='bbox 1240 3407 1387 3479; x_wconf 86' lang='lat' dir='ltr'>regnant,</span> <span class='ocrx_word' id='word_1_260' title='bbox 1412 3407 1446 3461; x_wconf 90' lang='lat' dir='ltr'>et</span> <span class='ocrx_word' id='word_1_261' title='bbox 1473 3399 1518 3461; x_wconf 91' lang='lat' dir='ltr'>sic</span> <span class='ocrx_word' id='word_1_262' title='bbox 1540 3397 1619 3478; x_wconf 89' lang='lat' dir='ltr'>justi</span> <span class='ocrx_word' id='word_1_263' title='bbox 1645 3397 1846 3472; x_wconf 83' lang='lat' dir='ltr'>auferuntur,</span> 
     </span>
     <span class='ocr_line' id='line_1_26' title="bbox 495 3517 1847 3601; baseline -0.001 -18"><span class='ocrx_word' id='word_1_264' title='bbox 495 3529 529 3583; x_wconf 92' lang='lat' dir='ltr'>et</span> <span class='ocrx_word' id='word_1_265' title='bbox 558 3519 615 3601; x_wconf 92' lang='lat' dir='ltr'>qui</span> <span class='ocrx_word' id='word_1_266' title='bbox 642 3517 896 3594; x_wconf 88' lang='lat' dir='ltr'>considerarent,</span> <span class='ocrx_word' id='word_1_267' title='bbox 922 3537 987 3580; x_wconf 92' lang='lat' dir='ltr'>non</span> <span class='ocrx_word' id='word_1_268' title='bbox 1014 3519 1209 3600; x_wconf 88' lang='lat' dir='ltr'>ponderant.</span> <span class='ocrx_word' id='word_1_269' title='bbox 1263 3518 1332 3583; x_wconf 92' lang='lat' dir='ltr'>Sed</span> <span class='ocrx_word' id='word_1_270' title='bbox 1363 3519 1483 3582; x_wconf 92' lang='lat' dir='ltr'>veritas</span> <span class='ocrx_word' id='word_1_271' title='bbox 1512 3519 1599 3595; x_wconf 71' lang='lat' dir='ltr'>vitre,</span> <span class='ocrx_word' id='word_1_272' title='bbox 1622 3519 1789 3592; x_wconf 88' lang='lat' dir='ltr'>doctrinae,</span> <span class='ocrx_word' id='word_1_273' title='bbox 1814 3527 1847 3582; x_wconf 88' lang='lat' dir='ltr'>et</span> 
     </span>
     <span class='ocr_line' id='line_1_27' title="bbox 489 3638 1849 3722; baseline 0.001 -20"><span class='ocrx_word' id='word_1_274' title='bbox 489 3639 632 3722; x_wconf 82' lang='lat' dir='ltr'>justiciae</span> <span class='ocrx_word' id='word_1_275' title='bbox 655 3639 775 3703; x_wconf 91' lang='lat' dir='ltr'>corruit</span> <span class='ocrx_word' id='word_1_276' title='bbox 795 3638 828 3700; x_wconf 97' lang='lat' dir='ltr'>in</span> <span class='ocrx_word' id='word_1_277' title='bbox 847 3638 988 3722; x_wconf 84' lang='lat' dir='ltr'>plateis3</span> <span class='ocrx_word' id='word_1_278' title='bbox 1012 3639 1111 3702; x_wconf 91' lang='lat' dir='ltr'>credo</span> <span class='ocrx_word' id='word_1_279' title='bbox 1134 3640 1224 3722; x_wconf 92' lang='lat' dir='ltr'>quod</span> <span class='ocrx_word' id='word_1_280' title='bbox 1247 3640 1342 3704; x_wconf 91' lang='lat' dir='ltr'>inicia</span> <span class='ocrx_word' id='word_1_281' title='bbox 1365 3640 1516 3704; x_wconf 89' lang='lat' dir='ltr'>dolomm</span> <span class='ocrx_word' id='word_1_282' title='bbox 1531 3640 1604 3705; x_wconf 86' lang='lat' dir='ltr'>haec</span> <span class='ocrx_word' id='word_1_283' title='bbox 1626 3649 1711 3705; x_wconf 91' lang='lat' dir='ltr'>sunt.</span> <span class='ocrx_word' id='word_1_284' title='bbox 1756 3639 1849 3703; x_wconf 90' lang='lat' dir='ltr'>Deus</span> 
     </span>
     <span class='ocr_line' id='line_1_28' title="bbox 494 3759 1849 3842; baseline -0.001 -17"><span class='ocrx_word' id='word_1_285' title='bbox 494 3762 607 3825; x_wconf 92' lang='lat' dir='ltr'>videat</span> <span class='ocrx_word' id='word_1_286' title='bbox 638 3760 811 3838; x_wconf 88' lang='lat' dir='ltr'>Dominus,</span> <span class='ocrx_word' id='word_1_287' title='bbox 839 3767 873 3823; x_wconf 88' lang='lat' dir='ltr'>et</span> <span class='ocrx_word' id='word_1_288' title='bbox 900 3760 1053 3841; x_wconf 90' lang='lat' dir='ltr'>requirat,</span> <span class='ocrx_word' id='word_1_289' title='bbox 1082 3761 1166 3824; x_wconf 89' lang='lat' dir='ltr'>sicut</span> <span class='ocrx_word' id='word_1_290' title='bbox 1192 3763 1298 3825; x_wconf 86' lang='lat' dir='ltr'>oravit</span> <span class='ocrx_word' id='word_1_291' title='bbox 1324 3761 1499 3825; x_wconf 90' lang='lat' dir='ltr'>Zacharias</span> <span class='ocrx_word' id='word_1_292' title='bbox 1526 3761 1688 3839; x_wconf 87' lang='lat' dir='ltr'>sacerdos,</span> <span class='ocrx_word' id='word_1_293' title='bbox 1715 3759 1849 3842; x_wconf 89' lang='lat' dir='ltr'>quando</span> 
     </span>
     <span class='ocr_line' id='line_1_29' title="bbox 495 3879 1850 3966; baseline -0.002 -20"><span class='ocrx_word' id='word_1_294' title='bbox 495 3883 691 3966; x_wconf 89' lang='lat' dir='ltr'>lapidabant</span> <span class='ocrx_word' id='word_1_295' title='bbox 722 3901 798 3945; x_wconf 91' lang='lat' dir='ltr'>eum</span> <span class='ocrx_word' id='word_1_296' title='bbox 821 3902 882 3964; x_wconf 91' lang='lat' dir='ltr'>pro</span> <span class='ocrx_word' id='word_1_297' title='bbox 907 3881 1160 3964; x_wconf 89' lang='lat' dir='ltr'>reprehensione</span> <span class='ocrx_word' id='word_1_298' title='bbox 1185 3883 1312 3966; x_wconf 89' lang='lat' dir='ltr'>peccati</span> <span class='ocrx_word' id='word_1_299' title='bbox 1342 3903 1464 3962; x_wconf 89' lang='lat' dir='ltr'>eorum,</span> <span class='ocrx_word' id='word_1_300' title='bbox 1487 3892 1523 3946; x_wconf 92' lang='lat' dir='ltr'>ut</span> <span class='ocrx_word' id='word_1_301' title='bbox 1550 3890 1643 3966; x_wconf 90' lang='lat' dir='ltr'>patet</span> <span class='ocrx_word' id='word_1_302' title='bbox 1667 3887 1701 3946; x_wconf 82' lang='lat'>2⁰</span> <span class='ocrx_word' id='word_1_303' title='bbox 1728 3879 1850 3945; x_wconf 90' lang='lat' dir='ltr'>Parali-</span> 
     </span>
     <span class='ocr_line' id='line_1_30' title="bbox 495 4011 748 4086; baseline -0.004 -18"><span class='ocrx_word' id='word_1_304' title='bbox 495 4025 662 4086; x_wconf 91' lang='lat' dir='ltr'>pomenon</span> <span class='ocrx_word' id='word_1_305' title='bbox 685 4011 748 4081; x_wconf 80' lang='lat'>24⁰.</span> 
     </span>
    </p>

    <p class='ocr_par' dir='ltr' id='par_1_7' title="bbox 498 4123 1850 4334">
     <span class='ocr_line' id='line_1_31' title="bbox 583 4123 1848 4206; baseline -0.001 -19"><span class='ocrx_word' id='word_1_306' title='bbox 583 4135 623 4202; x_wconf 77' lang='lat' dir='ltr'>[p.</span> <span class='ocrx_word' id='word_1_307' title='bbox 650 4133 700 4201; x_wconf 69' lang='lat'>²5]</span> <span class='ocrx_word' id='word_1_308' title='bbox 748 4125 825 4206; x_wconf 91' lang='lat' dir='ltr'>Jam</span> <span class='ocrx_word' id='word_1_309' title='bbox 854 4127 940 4190; x_wconf 91' lang='lat' dir='ltr'>enim</span> <span class='ocrx_word' id='word_1_310' title='bbox 964 4125 1157 4189; x_wconf 88' lang='lat' dir='ltr'>habundant</span> <span class='ocrx_word' id='word_1_311' title='bbox 1184 4126 1327 4191; x_wconf 88' lang='lat' dir='ltr'>licenciae</span> <span class='ocrx_word' id='word_1_312' title='bbox 1351 4147 1416 4190; x_wconf 95' lang='lat' dir='ltr'>non</span> <span class='ocrx_word' id='word_1_313' title='bbox 1440 4126 1603 4190; x_wconf 89' lang='lat' dir='ltr'>residendi</span> <span class='ocrx_word' id='word_1_314' title='bbox 1635 4126 1666 4188; x_wconf 92' lang='lat' dir='ltr'>in</span> <span class='ocrx_word' id='word_1_315' title='bbox 1695 4123 1848 4198; x_wconf 86' lang='lat' dir='ltr'>ecclesiis,</span> 
     </span>
     <span class='ocr_line' id='line_1_32' title="bbox 498 4246 1850 4334; baseline -0.001 -26"><span class='ocrx_word' id='word_1_316' title='bbox 498 4266 557 4309; x_wconf 92' lang='lat' dir='ltr'>nec</span> <span class='ocrx_word' id='word_1_317' title='bbox 588 4248 620 4309; x_wconf 94' lang='lat' dir='ltr'>in</span> <span class='ocrx_word' id='word_1_318' title='bbox 650 4247 773 4324; x_wconf 88' lang='lat' dir='ltr'>officiis,</span> <span class='ocrx_word' id='word_1_319' title='bbox 804 4257 837 4311; x_wconf 92' lang='lat' dir='ltr'>et</span> <span class='ocrx_word' id='word_1_320' title='bbox 867 4248 937 4330; x_wconf 85' lang='lat' dir='ltr'>ipsi.</span> <span class='ocrx_word' id='word_1_321' title='bbox 969 4248 1025 4334; x_wconf 78' lang='lat' dir='ltr'>qui</span> <span class='ocrx_word' id='word_1_322' title='bbox 1056 4248 1179 4312; x_wconf 90' lang='lat' dir='ltr'>habent</span> <span class='ocrx_word' id='word_1_323' title='bbox 1211 4248 1370 4313; x_wconf 87' lang='lat' dir='ltr'>beneficia</span> <span class='ocrx_word' id='word_1_324' title='bbox 1404 4270 1460 4312; x_wconf 89' lang='lat' dir='ltr'>seu</span> <span class='ocrx_word' id='word_1_325' title='bbox 1493 4248 1610 4322; x_wconf 86' lang='lat' dir='ltr'>officia,</span> <span class='ocrx_word' id='word_1_326' title='bbox 1632 4255 1750 4309; x_wconf 89' lang='lat' dir='ltr'>vacant</span> <span class='ocrx_word' id='word_1_327' title='bbox 1783 4246 1850 4308; x_wconf 91' lang='lat' dir='ltr'>suis</span> 
     </span>
    </p>
   </div>
   <div class='ocr_carea' id='block_1_7' title="bbox 0 0 2211 4936">
    <p class='ocr_par' dir='ltr' id='par_1_8' title="bbox 0 0 2211 4936">
     <span class='ocr_line' id='line_1_33' title="bbox 0 0 2211 4936; baseline 0 0"><span class='ocrx_word' id='word_1_328' title='bbox 0 0 2211 4936; x_wconf 95' lang='lat' dir='ltr'> </span> 
     </span>
    </p>
   </div>
  </div>
 </body>
</html>
