4378 4936
730 404 828 462 LOCI
854 404 883 458 E
912 403 1036 458 LIBRO
1072 401 1329 460 VERITATUM.
1457 426 1461 438 ·
1663 412 1705 480 93

357 617 463 702 prima
482 620 525 684 ad
545 619 742 685 Corintheos
763 619 808 698 8⁰,
822 620 965 696 ‘Videte
986 641 1028 684 ne
1049 619 1133 684 forte
1148 620 1219 684 haec
1240 617 1376 684 licencia
1393 630 1512 699 vestra,
1531 640 1576 684 sc.
1596 639 1707 684 come·

357 739 458 804 dendi
482 761 604 819 carnes,
625 741 859 806 offendiculum
883 740 942 806 fiat
962 739 1116 818 infirmis,’
1137 740 1157 803 i.
1168 761 1195 804 e.
1214 739 1326 804 videte
1347 760 1388 803 ne
1411 740 1546 820 licencia¹
1566 740 1609 804 sit
1631 739 1707 804 talis

358 862 446 925 unde
471 861 526 925 alii
552 862 769 941 offendantur,
792 862 812 927 i.
822 884 850 926 e.
872 863 916 926 ad
939 870 1111 945 peccatum
1136 870 1349 939 moveantur3
1380 869 1413 925 et
1434 859 1546 925 videte
1569 881 1611 923 ne
1635 859 1708 924 haec

357 980 494 1046 licencia
515 983 558 1046 sit
579 1003 678 1047 causa
699 982 751 1047 vel
773 983 902 1047 occasio
924 981 1013 1045 unde
1035 979 1123 1044 mala
1145 991 1179 1044 et
1201 991 1338 1063 peccata
1361 981 1516 1059 oriantur,
1540 980 1591 1045 vel
1618 982 1708 1046 unde

359 1102 447 1166 bona
466 1101 631 1181 deficiant,
646 1124 704 1167 seu
725 1103 946 1168 destruantur.
991 1101 1078 1165 Novi
1100 1101 1188 1164 enim
1210 1121 1364 1184 magnam
1386 1122 1498 1166 curam
1519 1102 1552 1165 in
1573 1101 1710 1166 ecclesia

359 1221 537 1306 parochiali
576 1225 709 1299 destrui,
744 1223 908 1306 eoquod
944 1221 1157 1305 appropriata
1194 1232 1245 1286 est
1286 1243 1360 1286 unae
1396 1242 1526 1305 magnae
1563 1221 1710 1287 ecclesiae

360 1341 551 1422 cathedrali,
580 1365 655 1426 quae
688 1365 749 1426 pro
779 1343 837 1406 illa
866 1342 1139 1426 appropriacione
1168 1362 1236 1424 qua
1265 1362 1332 1406 non
1362 1343 1513 1426 indigent
1542 1342 1646 1407 semel
1676 1343 1709 1406 in'

360 1483 449 1528 anno
470 1463 579 1528 dicere
601 1473 732 1529 tenetur
754 1465 913 1546 exequias
938 1483 999 1546 pro
1021 1463 1135 1526 anima
1159 1462 1264 1539 unius,
1286 1462 1364 1544 quia
1390 1483 1483 1526 curas
1509 1463 1618 1546 plures
1639 1463 1710 1527 ani·

362 1603 489 1647 mamm
519 1585 692 1664 destruxit,
722 1593 756 1648 et
785 1584 853 1648 fere
883 1584 973 1649 omni
1002 1583 1057 1648 die
1089 1603 1148 1666 per
1182 1582 1293 1667 plures
1322 1603 1427 1647 annos
1459 1593 1536 1648 ante
1569 1593 1710 1648 mortem

361 1725 456 1768 suam
476 1705 584 1768 ebrius
598 1705 670 1769 fuit.
714 1703 843 1768 ‘Liberi
859 1703 937 1768 lacti
958 1704 1038 1768 estis
1053 1700 1210 1786 peccat0,’
1227 1703 1334 1786 inquit
1349 1703 1528 1786 apostolus,
1543 1704 1594 1768 i.e.
1609 1704 1712 1769 libere

362 1834 397 1888 et
426 1824 497 1888 sine
525 1825 763 1908 impedimento
793 1825 938 1908 peccatis
967 1835 1001 1888 et
1027 1824 1069 1887 ad
1097 1825 1373 1906 dampnacionem
1403 1825 1540 1902 curritis,
1563 1826 1712 1890 dicentes

362 1943 453 2024 salse,
476 1943 573 2010 ‘Non
595 1965 769 2028 peccamus
792 1947 871 2028 quia
893 1945 1064 2009 licenciam
1089 1945 1133 2009 ab
1156 1943 1291 2009 homine
1313 1945 1355 2008 ad
1379 1945 1503 2009 malum
1525 1945 1712 2011 faciendum

363 2062 542 2129 habemus!
587 2065 746 2149 Magnam
767 2066 855 2130 enim
876 2075 1076 2150 potestatem
1097 2066 1190 2130 dedit
1211 2065 1375 2129 Dominus
1395 2067 1516 2130 vicario
1536 2087 1596 2130 suo
1615 2087 1713 2150 papae

364 2186 519 2265 ecclesiae,
549 2195 586 2250 ut
620 2205 740 2270 magna
770 2185 858 2250 mala
891 2186 1093 2262 reformaret,
1121 2206 1276 2269 magnam
1303 2187 1393 2268 quod
1423 2183 1543 2251 laceret
1572 2187 1713 2252 aedifica-

364 2307 492 2371 cionem
512 2307 674 2372 bonorum
695 2317 839 2382 actuum,
855 2308 918 2371 sibi
934 2307 1047 2371 dicens
1067 2307 1175 2385 verba,
1191 2328 1265 2389 quae
1286 2307 1374 2370 dixit
1393 2307 1566 2389 Jeremiae:
1597 2308 1713 2372 ‘Posui

365 2424 417 2506 te‚’
429 2427 535 2510 inquit
548 2429 722 2504 Dominus,
736 2431 789 2493 ‘ut
805 2427 935 2506 evellaS,
947 2429 1106 2506 destruas,
1119 2437 1153 2491 et
1165 2428 1344 2510 disperdas,
1356 2436 1390 2490 et
1402 2428 1550 2510 dissipes,
1561 2429 1715 2508 aedifices,

365 2557 399 2611 et
420 2547 744 2632 plantes,'-evella3,
762 2548 820 2613 ie.
839 2548 990 2612 docendo
1015 2558 1048 2611 et
1071 2549 1263 2630 corrigendo
1283 2547 1403 2611 evellas
1426 2569 1548 2631 magna
1571 2558 1605 2613 et
1629 2551 1714 2614 radi-

366 2678 441 2732 cata
473 2677 507 2732 et
537 2679 694 2733 consueta
726 2678 876 2752 peccata,
905 2668 1004 2750 longo
1039 2690 1098 2731 usu
1132 2669 1342 2746 continuata3
1379 2668 1528 2732 destruas
1558 2690 1651 2749 nova,
1682 2678 1716 2734 et

367 2789 494 2852 minora
510 2789 615 2867 mala3
639 2789 769 2870 plantes
784 2789 930 2866 virtutes,
943 2789 1093 2852 docendo
1112 2798 1146 2852 et
1160 2788 1374 2867 ostendendo,
1386 2789 1522 2852 verbum
1539 2790 1603 2853 Dei
1618 2790 1716 2854 semi-

367 2909 496 2987 nand03
526 2908 669 2972 aedifices
699 2907 755 2972 illa
780 2909 869 2972 bona
895 2908 1070 2972 nutn‘endo
1101 2917 1135 2972 et
1160 2907 1359 2991 perficiendo
1392 2909 1557 2992 exemplo,
1580 2910 1716 2988 auxilio,

368 3039 402 3093 et
417 3049 506 3112 saepe
520 3029 656 3092 verbum
672 3029 736 3093 Dei
752 3029 917 3094 mentibus
936 3029 1145 3094 audiencium
1162 3029 1361 3112 ingerendo;
1386 3029 1477 3092 cibus
1493 3029 1581 3093 enim
1597 3051 1717 3114 parvus

368 3148 625 3232 perceptibiliter
650 3169 767 3233 corpus
794 3169 859 3212 non
888 3150 998 3228 nutrit,
1023 3169 1082 3213 nec
1108 3149 1246 3212 verbum
1272 3149 1357 3212 sorte
1382 3148 1525 3231 aliquem
1556 3151 1583 3212 si
1613 3153 1717 3214 semel

367 3269 558 3352 proferatur,
577 3270 636 3333 sed
659 3269 784 3334 sicum
806 3270 973 3353 paciencia
995 3289 1085 3352 saepe
1107 3269 1296 3352 proseratur,
1315 3289 1356 3332 ne
1378 3270 1533 3333 oblivioni
1558 3272 1716 3334 tradatur.

370 3389 461 3454 Olim
488 3389 575 3453 enim
598 3390 630 3453 in
654 3401 804 3472 tempore
826 3390 930 3454 sancti
952 3389 1096 3454 doctoris
1118 3389 1298 3472 Augustini
1321 3409 1469 3453 recursus
1491 3410 1630 3472 magnus
1655 3391 1718 3455 suit

371 3511 470 3593 Papae
495 3510 657 3585 Romano,
677 3512 720 3575 ad
743 3512 957 3613 quaerendum
980 3511 1024 3575 ab
1046 3532 1086 3574 eo
1110 3522 1143 3575 et
1165 3533 1186 3574 a
1203 3511 1389 3575 scientificis
1412 3512 1442 3574 ei
1462 3512 1655 3589 astantibus,
1676 3533 1719 3576 an

371 3631 483 3696 liceret
504 3631 559 3707 sic,
581 3632 633 3696 vel
652 3633 851 3697 econtrario
875 3633 974 3698 modo
995 3631 1110 3696 lacere.
1156 3631 1273 3696 Pocius
1296 3631 1384 3695 enim
1404 3630 1467 3695 hoc
1487 3632 1679 3713 quaerebant
1700 3654 1721 3696 a

373 3753 463 3837 Papa
479 3774 521 3817 an
536 3755 660 3836 aliquid
676 3754 796 3833 liceret,
811 3775 912 3837 quam
928 3764 965 3818 ut
980 3753 1101 3830 liceret,
1118 3761 1155 3816 ut
1170 3762 1311 3818 testatur
1327 3751 1469 3816 Sanctus
1486 3752 1671 3816 Bernardus
1687 3753 1721 3816 in

373 3874 525 3957 Epistola
540 3876 583 3939 ad
600 3875 783 3940 Robertum
800 3874 1050 3939 Cluniacensem
1072 3873 1281 3938 monachum.
1329 3872 1486 3937 Sciebant
1507 3873 1594 3936 enim
1615 3873 1721 3938 sancti

374 4005 484 4078 patres
504 3998 594 4079 quod
615 3996 822 4081 dispensacio
842 4018 899 4061 seu
923 3995 1111 4060 licenciacio
1132 3995 1278 4059 humana
1301 4014 1366 4058 non
1388 3994 1534 4058 causavit
1554 4004 1666 4058 actum
1689 3995 1722 4057 in

373 4137 503 4195 ecesse
526 4117 650 4182 bonum
674 4138 734 4182 nec
758 4117 891 4182 malum.
937 4117 998 4181 Est
1022 4117 1109 4180 enim
1136 4117 1241 4179 bonus
1262 4125 1356 4179 actus
1382 4136 1426 4178 ex
1454 4126 1569 4180 natura
1591 4116 1723 4198 propria

374 4247 469 4302 actus
495 4240 661 4304 tendentis
688 4241 720 4304 in
748 4239 915 4322 objectum
941 4260 1036 4303 suum
1060 4237 1219 4313 debitum,
1243 4249 1277 4302 et
1303 4238 1389 4302 actui
1417 4237 1623 4313 conveniens,
1646 4257 1722 4301 cum
