4338 4936
720 434 819 490 LOCI
844 433 873 486 E
902 434 1027 489 LIBRO
1062 435 1322 492 VERJTATIM.
1671 446 1692 512 3

298 737 301 742 Ι
343 664 346 674 ’
425 654 465 724 [p.
484 657 538 723 38.]
576 650 663 716 Cum
689 661 762 716 tum
789 651 900 716 evidet
930 673 975 715 ex
1005 653 1134 736 magnis
1164 653 1340 718 evidenciis
1363 653 1453 737 quod
1479 653 1588 736 plures
1612 663 1691 718 sunt

292 755 297 764 ’
337 777 447 846 poenae
473 770 595 836 debitae
622 774 655 836 in
678 772 804 856 judicio
830 773 894 837 Dei
921 775 1152 857 propeccatis
1179 795 1254 858 quae
1279 775 1499 858 indulgencia
1524 753 1689 840 concessa

336 905 359 949 a
380 909 468 972 papa
491 913 551 957 nec
573 895 696 960 tollunt
719 916 779 960 nec
799 915 933 978 quoquo
957 898 1058 960 modo
1077 896 1194 961 tollere
1216 909 1364 980 possunt.

424 1020 463 1088 [p.
479 1023 534 1089 μ]
574 1014 659 1080 Haec
685 1017 843 1101 magister
867 1017 1015 1098 Joannes
1042 1017 1123 1083 Scot
1149 1019 1274 1082 ordinis
1299 1019 1436 1084 fratrum
1464 1019 1627 1082 minorum
1654 1028 1689 1084 et

336 1130 590 1200 doctorsanctae
604 1129 790 1222 theologiae,
807 1147 904 1202 natus
920 1139 953 1203 in
968 1138 1046 1203 villa
1061 1150 1179 1205 vocata
1194 1141 1290 1204 Duns
1305 1141 1338 1203 in
1356 1140 1454 1204 Boria
1469 1138 1613 1222 Angliae.

423 1261 463 1330 [p.
480 1265 536 1332 55·]
564 1265 815 1335 Approprisoio
833 1269 869 1323 at
888 1281 958 1323 non
977 1267 1177 1324 residenoia.
1220 1259 1337 1342 Aliqui
1357 1277 1527 1342 nunquam
1541 1257 1595 1322 vel
1615 1278 1690 1322 raro

337 1374 481 1441 resident
504 1378 538 1442 in
564 1380 630 1443 suis
655 1381 749 1458 curis,
774 1391 808 1444 et
833 1379 889 1444 ille
911 1381 963 1445 cui
990 1380 1128 1445 ecclesia
1153 1389 1205 1445 est
1230 1379 1451 1463 appropriata,
1479 1389 1514 1443 et
1540 1378 1604 1457 ille,
1630 1377 1687 1461 qui

337 1511 403 1558 non
419 1498 541 1563 residet
556 1499 589 1562 in
606 1521 653 1579 ea,
669 1501 771 1565 semel
787 1501 820 1565 in
840 1521 928 1564 anno
943 1502 1034 1565 venit
1054 1502 1097 1565 ad
1118 1521 1240 1578 curam,
1256 1500 1309 1564 vel
1329 1500 1432 1565 mittit
1450 1500 1493 1562 ad
1515 1499 1687 1564 ecclesiam

337 1613 371 1677 in
396 1615 462 1680 fine
490 1621 673 1702 autumpni,
696 1632 731 1686 et
757 1621 894 1704 impleta
918 1622 1017 1685 bursa
1041 1642 1101 1685 sua
1127 1621 1281 1704 pecuniis,
1305 1631 1339 1685 et
1367 1619 1511 1684 venditis
1539 1619 1687 1694 decimis,

336 1737 459 1800 recedit
482 1737 581 1822 longe
603 1763 626 1804 a
647 1762 725 1806 cura
748 1743 862 1806 suain
885 1743 1008 1806 curiam
1035 1742 1068 1804 in
1091 1761 1158 1823 qua
1177 1749 1276 1805 vacat
1299 1740 1388 1804 lucro
1411 1750 1445 1804 et
1467 1736 1611 1818 deliciis;
1644 1741 1688 1804 de

334 1875 401 1938 quo
424 1859 636 1925 verificantur
655 1863 756 1927 verba
785 1863 906 1946 scripta
932 1882 993 1946 per
1014 1861 1230 1927 Salamonem
1256 1859 1504 1944 proverbiorum
1532 1857 1575 1940 7⁰,
1601 1863 1688 1924 ‘non

334 1985 388 2040 est
406 1978 457 2040 vir
470 1979 503 2042 in
524 1979 626 2045 domo
645 2003 714 2058 sua,
730 1983 813 2047 abiit
827 1983 880 2048 via
896 1981 1095 2065 longissima,
1111 1982 1278 2046 sacculum
1296 1981 1445 2064 pecunia*
1467 1999 1579 2044 secum
1598 1979 1688 2056 tulit,

336 2097 368 2160 in
391 2098 446 2161 die
467 2099 575 2181 plenae
597 2101 684 2166 lunae
707 2101 907 2168 reversurus'
930 2105 987 2168 i.e.
1011 2103 1043 2166 in
1066 2113 1249 2184 autumpno
1276 2101 1410 2184 quando
1435 2109 1488 2165 est
1513 2099 1687 2183 plenitudo

336 2217 521 2300 fructuum3
545 2222 694 2303 ...Jam
717 2225 805 2288 enim
828 2226 861 2288 in
881 2223 1007 2307 Anglia
1029 2224 1127 2306 periit
1148 2243 1227 2288 cura
1246 2222 1430 2286 animarum
1453 2241 1511 2304 per
1531 2219 1686 2285 ecclesias

334 2341 572 2421 appropriataa
597 2352 632 2406 et
653 2365 713 2427 per
735 2365 801 2409 non
824 2345 1039 2410 residenciam
1066 2353 1253 2408 curatorum
1276 2351 1311 2406 et
1335 2341 1547 2425 prelatorum,
1570 2349 1604 2404 et
1626 2361 1688 2423 per

335 2457 545 2542 indignorum
575 2465 826 2544 promocionem¹
851 2473 888 2530 et
911 2483 973 2548 per
993 2463 1201 2546 pluralitates
1230 2462 1466 2526 beneficiorum
1494 2481 1552 2524 seu
1584 2459 1687 2524 male-

335 2577 492 2658 ficiorum,
508 2591 542 2646 et
557 2603 616 2665 per
630 2585 808 2666 pessimam
829 2585 1044 2650 collacionem
1064 2584 1186 2668 gradus
1203 2581 1366 2647 scolastici
1387 2591 1422 2646 et
1439 2581 1686 2646 concessionem

334 2697 519 2781 graciarum
542 2702 684 2786 indignis
706 2715 740 2770 et
762 2706 892 2770 viciosis
914 2715 948 2770 et
971 2705 1080 2769 insciis
1102 2703 1251 2787 personis
1273 2703 1306 2766 in
1329 2701 1472 2776 Oxonia,
1497 2711 1531 2766 et
1553 2702 1586 2764 in
1612 2701 1687 2764 aliis

334 2820 461 2898 studiis,
486 2841 561 2903 quae
587 2823 725 2888 collacio
751 2825 840 2889 mala
865 2827 1028 2909 graduum
1057 2823 1304 2889 scolasticorum
1330 2843 1396 2886 non
1425 2822 1488 2886 erit
1517 2823 1687 2886 destructa

334 2959 508 3023 quousque
532 2953 680 3024 potestas
702 2946 916 3028 dispensandi
938 2966 1013 3010 cum
1039 2945 1136 3009 bonis
1161 2944 1294 3009 statutis
1321 2941 1505 3007 retrahatur
1525 2963 1547 3005 a
1571 2961 1685 3024 regen-

334 3059 433 3135 tibus,
450 3071 483 3124 et
502 3083 523 3124 a
539 3067 803 3146 procuratoribus
819 3065 1060 3145 UniversitatiS,
1075 3065 1132 3148 qui
1154 3065 1300 3148 pessima
1316 3063 1502 3128 concedunt
1517 3083 1577 3144 pro
1592 3061 1687 3126 lucro

334 3182 685 3261 pervenienteveisdem
702 3205 762 3269 per
775 3188 955 3269 graduatos
969 3195 1003 3250 et
1018 3185 1230 3268 graduandos
1245 3205 1303 3267 per
1318 3185 1464 3248 eosdem.

421 3301 566 3384 Quando
586 3325 652 3369 una
671 3306 831 3371 abbathia
845 3307 897 3371 vel
917 3307 1094 3390 collegium
1113 3315 1185 3370 orat
1205 3326 1266 3389 pro
1286 3305 1358 3387 ipso
1372 3303 1425 3369 vel
1446 3303 1526 3386 ipsis
1548 3301 1604 3384 qui
1625 3322 1683 3384 ap-

334 3422 548 3504 propriabant
566 3425 614 3488 eis
634 3425 806 3492 ecclesiam
828 3427 1061 3510 parochialem,
1080 3447 1166 3490 unus
1187 3426 1360 3490 destruens
1382 3434 1432 3488 est
1454 3432 1547 3500 tota3
1574 3421 1686 3484 multi-

334 3540 473 3623 plicacio
495 3544 657 3609 malorum
679 3567 766 3630 quae
791 3557 969 3612 secuuntur
991 3569 1036 3612 ex
1059 3547 1146 3610 mala
1172 3544 1445 3629 appropriacione
1471 3541 1684 3606 ecclesiarum

334 3661 570 3743 parochialium
601 3687 646 3730 sc.
676 3669 859 3732 destruccio
889 3668 975 3743 cleri,
999 3667 1185 3732 destruccio
1214 3665 1293 3730 boni
1323 3664 1433 3737 curati,
1460 3671 1493 3727 et
1515 3661 1683 3735 doctrinae,

334 3791 370 3846 et
389 3782 469 3846 boni
492 3785 628 3862 concilii,
647 3795 681 3851 et
704 3789 859 3872 exempli,
876 3799 910 3853 et
933 3787 1180 3870 hospitalitatis,
1202 3796 1237 3851 et
1260 3784 1478 3850 exhibicionis
1501 3802 1683 3865 pauperum

334 3912 369 3966 et
391 3902 549 3984 juvenum
578 3907 622 3970 ad
653 3909 808 3972 studium.
869 3909 954 3972 Haec
980 3918 1058 3973 sunt
1088 3907 1176 3973 mala
1205 3926 1281 3990 quae
1311 3913 1488 3969 secuuntur
1512 3900 1685 3984 appropri-

334 4023 494 4100 acionem,
512 4034 546 4089 et
566 4027 740 4092 destruunt
758 4039 792 4092 et
812 4030 998 4112 impediunt
1018 4030 1143 4093 bonum
1167 4029 1257 4110 quod
1280 4027 1335 4089 alii
1356 4031 1475 4108 optant
1490 4022 1537 4085 illi
1556 4021 1683 4084 homini

333 4143 391 4226 qui
421 4143 576 4208 ecclesias
605 4149 808 4231 appropriari
839 4150 917 4215 lecit
949 4171 1007 4213 seu
1037 4148 1241 4233 appropriari
1271 4146 1444 4222 consensit,
1471 4153 1506 4208 et
1536 4141 1685 4206 delectus

334 4283 474 4344 sequens
495 4287 554 4348 per
573 4269 877 4352 appropriacioncm
897 4271 982 4334 inter
1003 4269 1219 4352 parochianos
1243 4277 1385 4332 meretur
1405 4268 1513 4350 ipsum
1532 4259 1684 4330 maledici

981 4389 1000 4436 B
1019 4391 1036 4438 2
