4338 4936
727 414 825 470 Loci
851 415 880 468 E
909 415 1033 471 LIBRO
1068 418 1329 475 VERITATUM.
1663 413 1705 498 63

352 627 404 690 vel
428 628 514 694 male
536 629 642 693 bonus
665 639 697 693 et
723 631 896 713 perlectus,
919 633 997 713 quia
1023 633 1050 694 si
1076 631 1175 696 saciat
1198 644 1234 697 ut
1261 636 1370 697 caeteri
1398 635 1500 714 multi,
1524 637 1585 700 erit
1606 637 1704 701 valde

352 751 466 824 malus,
495 763 529 815 et
554 752 582 814 si
609 771 673 815 non
702 751 814 815 lecerit
840 752 1052 816 consimiliter
1077 754 1133 831 eis,
1161 756 1220 817 erit
1252 756 1284 817 in
1311 756 1488 838 obprobrio
1515 757 1704 835 multorum,

352 881 386 934 et
412 872 557 953 abjeccio
583 873 726 955 plurium
753 873 823 935 erit.
869 871 937 936 Sed
964 873 1081 936 beatus
1108 874 1164 954 qui
1192 875 1305 938 suffert
1331 897 1391 958 pro
1414 876 1547 958 justicia
1569 879 1704 959 quando

351 1006 463 1078 portat
489 1015 627 1072 crucem,
653 994 673 1058 i.
683 1015 711 1058 e.
738 993 917 1057 cruciatum
944 1013 1018 1056 cum
1043 994 1124 1058 Xto.
1177 995 1272 1078 Opus
1298 997 1401 1060 eciam
1429 1000 1533 1062 curati
1557 1009 1608 1063 est
1632 1019 1703 1063 cor-

351 1117 454 1198 rigere
476 1137 533 1179 seu
560 1115 798 1198 reprehendere
822 1113 908 1176 mala
931 1115 1147 1189 subditorum,
1171 1117 1277 1198 primo
1304 1117 1506 1190 instruendo,
1529 1129 1646 1201 postea
1668 1121 1703 1182 in

351 1238 466 1320 spiritu
487 1237 597 1300 sobrio
626 1237 829 1318 redarguere,
856 1244 889 1297 et
919 1233 1079 1297 offensam
1110 1247 1144 1298 et
1172 1257 1307 1319 poenam
1338 1240 1488 1320 peccanti
1517 1240 1702 1317 ostendere,

352 1378 393 1422 ne
422 1357 530 1421 fautor
559 1357 636 1420 mali
663 1357 814 1420 videatur
839 1364 874 1418 et
899 1354 1068 1436 neglector
1094 1376 1180 1420 curae
1207 1357 1337 1431 debitae‚
1366 1369 1402 1422 ut
1429 1360 1538 1422 dicere
1569 1361 1700 1442 poterit,

351 1479 467 1542 ‘Zelus
490 1480 609 1542 domus
631 1487 706 1555 tuae,
728 1478 777 1540 i.e.
794 1495 889 1538 amor
910 1476 1025 1539 salutis
1048 1477 1243 1552 animarum,
1264 1480 1416 1542 comedit·
1433 1500 1495 1558 me,
1511 1481 1588 1562 quia
1611 1501 1701 1545 com-

349 1601 462 1683 pacior
483 1611 517 1663 et
542 1600 677 1673 crucior,
699 1596 815 1661 videns
840 1596 925 1660 hanc
947 1617 1104 1679 sponsam
1130 1608 1231 1674 tuam,
1257 1597 1400 1662 Domine
1425 1601 1529 1676 Deus
1552 1603 1701 1665 deditam

349 1721 520 1795 adulterio,
545 1721 602 1783 ie.
625 1720 812 1783 inordinato
835 1717 973 1780 aliorum
994 1718 1107 1792 amori,
1130 1719 1243 1800 pocius
1262 1740 1361 1800 quarn
1383 1721 1486 1783 amori
1510 1721 1588 1784 tuo.'
1633 1723 1699 1804 Qui

349 1843 412 1905 ista
430 1863 529 1924 opera
549 1841 668 1917 lecerit,
683 1859 783 1921 opera
801 1839 904 1901 curati
925 1837 1010 1914 lacit,
1027 1848 1060 1900 et
1080 1839 1136 1919 qui
1156 1839 1219 1901 ista
1239 1859 1304 1901 non
1320 1839 1440 1916 lecerit,
1456 1841 1596 1922 plurima
1613 1843 1700 1906 mala

348 1963 435 2042 lacit,
462 1963 539 2046 quia
569 1983 613 2025 ex
642 1960 701 2024 tali
731 1959 907 2023 omissione
936 1959 1188 2022 innumerabilia
1217 1959 1304 2022 mala
1333 1960 1425 2039 fiunt,
1450 1972 1483 2025 et
1514 1963 1699 2027 innumera·

347 2085 426 2147 bilia
452 2084 540 2147 bona
570 2102 670 2164 opera
696 2081 902 2151 omittuntur,
929 2088 963 2142 et
989 2079 1209 2161 negliguntur.
1256 2080 1493 2145 Poenitenciam
1520 2104 1598 2164 ergo
1627 2105 1699 2166 age,

349 2205 380 2270 Ο
408 2205 579 2288 negligens
604 2209 728 2265 rectori
759 2211 793 2263 et
820 2201 928 2282 prima
954 2220 1055 2281 opera
1081 2200 1143 2277 lac,
1164 2199 1389 2284 Apocalypsis
1419 2201 1440 2283 ij
1469 2204 1622 2285 capitulo
1649 2206 1700 2269 ie.

349 2347 415 2390 non
442 2325 549 2388 solum
574 2343 649 2387 vere
679 2322 851 2404 poeniteas
878 2320 936 2383 sed
964 2321 1070 2402 prima
1100 2341 1201 2402 opera
1231 2321 1291 2398 lac,
1317 2323 1369 2385 i.e.
1396 2323 1485 2386 bona
1513 2345 1612 2407 opera
1639 2326 1699 2402 lac,

347 2449 389 2511 ad
417 2468 492 2529 quae
515 2445 612 2528 prius,
635 2453 714 2506 ante
739 2441 872 2524 culpam
896 2451 930 2503 et
951 2450 1027 2521 post
1054 2440 1197 2523 culpam,
1219 2441 1385 2523 obligatus
1408 2464 1442 2506 es
1464 2443 1537 2526 jure
1560 2446 1698 2509 racionis

347 2579 382 2633 et
408 2568 482 2650 jure
511 2567 623 2630 divino
652 2565 783 2645 scripto,
813 2560 971 2642 exemplo
1003 2559 1208 2625 Sanctissimi
1241 2562 1341 2638 Pauli,
1372 2565 1428 2645 qui
1460 2566 1697 2647 evangelizavit

347 2689 447 2752 fidem
468 2708 568 2770 quam
589 2684 768 2767 aliquando
792 2682 1018 2764 expugnabat,
1040 2683 1087 2745 ita
1110 2691 1148 2746 ut
1174 2703 1232 2764 pro
1255 2684 1327 2765 ipso
1350 2684 1406 2746 alii
1429 2685 1580 2749 homines
1604 2687 1699 2750 clari-

347 2811 491 2875 ficabant
517 2809 636 2884 Deum,
657 2806 690 2870 id
715 2815 774 2882 est,
792 2804 969 2886 gloriosum
995 2813 1028 2866 et
1048 2803 1233 2884 graciosum
1256 2805 1502 2886 praedicabant3
1533 2829 1596 2890 age
1619 2829 1699 2890 ergo

347 2933 514 3002 instanter,
537 2939 570 2992 et
587 2928 718 2992 assidue
739 2945 850 2989 curam
871 2945 948 3007 gere
968 2925 1161 3002 animarum,
1180 2924 1239 2989 Xti
1262 2927 1421 3007 sanguine
1441 2929 1697 3012 redemptarum,

346 3073 388 3114 ne
413 3053 541 3115 dicatur
570 3049 630 3113 tibi
660 3047 740 3110 illud
763 3045 987 3128 Apocalypsis
1014 3043 1072 3125 iij⁰‚
1099 3045 1198 3108 ‘Non
1229 3046 1359 3108 invenio
1384 3068 1485 3129 opera
1512 3059 1570 3112 tua
1596 3049 1698 3132 plena

345 3193 455 3236 coram
480 3167 572 3249 Deo‚'
596 3170 628 3232 id
653 3177 711 3242 est,
736 3166 893 3229 deficiunt
916 3175 1035 3228 caetera
1057 3166 1213 3247 requisita
1236 3166 1269 3228 in
1291 3177 1326 3230 te
1348 3187 1458 3230 coram
1483 3169 1567 3233 De0.

433 3291 624 3356 Secundum
658 3288 790 3364 flumen,
827 3287 999 3350 destruens
1029 3286 1116 3348 bona
1153 3287 1304 3368 plurima,
1333 3299 1383 3351 est
1416 3309 1481 3352 non
1516 3292 1696 3355 residencia

345 3424 533 3480 curatorum
560 3420 594 3474 et
618 3409 877 3493 praesidencium,
894 3408 950 3489 qui
977 3427 1043 3470 non
1069 3418 1145 3471 sunt
1169 3417 1349 3489 praesentes
1371 3411 1404 3472 in
1424 3430 1483 3473 sua
1507 3431 1583 3474 cura
1605 3423 1638 3475 et
1661 3413 1694 3476 in

345 3559 404 3601 suo
433 3535 566 3619 populo.
621 3529 714 3613 Quot
743 3529 832 3592 bona
865 3537 978 3591 causat
1007 3528 1094 3591 bona
1125 3529 1305 3592 residencia
1335 3538 1369 3593 et
1400 3531 1533 3594 assidua
1561 3535 1694 3597 vacacio

344 3659 499 3741 operibus
525 3656 683 3718 virtutum
708 3661 741 3714 et
768 3650 985 3731 extirpacioni
1012 3651 1178 3728 viciorum,
1204 3660 1255 3714 tot
1280 3651 1368 3714 mala
1394 3663 1506 3717 causat
1531 3654 1693 3732 absencia,

343 3801 402 3842 seu
421 3799 486 3841 non
504 3775 682 3839 residencia
702 3773 780 3834 boni
805 3770 948 3852 episcopi
970 3781 1004 3833 et
1019 3770 1096 3833 boni
1120 3771 1327 3853 praesidentis
1350 3780 1383 3835 et
1407 3775 1549 3836 rectoris.
1578 3774 1693 3857 Oppo-

344 3901 482 3964 sitorum
513 3898 601 3960 enim
633 3895 749 3957 eadem
773 3902 823 3955 est
848 3889 1029 3972 disciplina,
1059 3900 1145 3954 teste
1168 3891 1367 3974 philosopho
1393 3893 1427 3954 in
1450 3892 1602 3976 phisicis;
1633 3897 1692 3960 ab·

343 4019 454 4084 sencia
473 4027 583 4081 nautae
601 4025 651 4078 est
673 4034 771 4077 causa
789 4011 1039 4095 periclitacionis
1058 4013 1157 4089 navis,
1174 4014 1250 4094 quia
1269 4013 1353 4075 sicut
1371 4012 1457 4077 tollit
1478 4017 1691 4096 praesenciam

343 4161 437 4204 suam
467 4149 501 4203 et
531 4139 676 4219 regimen
707 4134 795 4216 quod
823 4133 1013 4196 custodierit
1043 4152 1161 4195 narem
1186 4154 1206 4195 a
1233 4133 1385 4214 periculis
1411 4145 1444 4198 et
1468 4155 1489 4197 a
1511 4135 1691 4217 naufragio,

344 4264 390 4324 sic
419 4259 573 4324 absencia
604 4258 681 4321 boni
720 4255 853 4319 rectoris
891 4254 923 4314 in
961 4252 1192 4335 spiritualibus,
1227 4253 1278 4316 vel
1313 4253 1346 4316 in
1376 4256 1548 4338 temporali
1575 4257 1689 4333 officio
