4338 4936
487 380 528 442 42
863 373 962 428 LOCI
987 373 1016 426 E
1045 375 1169 429 LIBRO
1205 374 1461 430 VERJTATt'M.

488 587 678 670 episcopum
694 583 821 664 Sarum,
835 585 1038 651 Willelmum
1051 589 1157 665 Asku,
1169 600 1201 653 et
1214 590 1374 673 persecuti
1391 599 1465 652 sunt
1483 587 1672 671 episcopum
1690 586 1835 666 Cestriae,

488 705 598 771 Buthe
615 707 756 784 nomine,
776 717 809 771 et
825 709 1015 791 episcopum
1037 711 1293 788 Norwicensem,
1309 708 1493 774 Walterum
1511 708 1625 791 Lyart,
1641 719 1674 773 et
1696 701 1837 773 rectores

488 836 522 893 et
545 829 683 892 vicarios
710 829 856 892 diversos
882 830 915 892 in
944 828 1076 906 Cancia‚
1101 840 1135 894 et
1162 830 1262 912 juxta
1293 830 1412 895 Sarum
1440 839 1473 893 et
1501 828 1732 912 Hungyrlorth
1759 849 1835 911 spo·

487 947 669 1027 liaverunt;
693 958 726 1012 et
742 950 859 1014 eodem
882 969 969 1013 anno
985 951 1118 1015 intravit
1134 951 1204 1014 dux
1222 951 1363 1014 Eboraci
1379 951 1412 1012 in
1428 948 1587 1031 Angliam
1603 950 1646 1012 ab
1664 949 1834 1026 Hibernia,

488 1069 610 1152 inqua
633 1078 711 1132 tunc
733 1068 848 1146 fuerat,
865 1079 977 1134 contra
1000 1071 1203 1135 voluntatem
1226 1091 1330 1146 suam,
1347 1092 1391 1133 ex
1417 1069 1574 1134 mandato
1598 1070 1683 1152 regis
1701 1068 1835 1152 Angliae

489 1189 625 1254 Henrici
652 1188 758 1266 Sexti,
774 1199 808 1254 et
830 1210 940 1254 revera
965 1211 1009 1254 ex
1027 1212 1093 1273 quo
1117 1191 1294 1274 praedictus
1312 1193 1484 1275 episcopus
1505 1191 1709 1272 Reginaldus
1726 1190 1836 1255 Pecok

488 1319 522 1374 et
537 1310 592 1374 alii
608 1310 752 1393 episcopi
768 1329 826 1394 per
843 1332 953 1394 regem
970 1312 1129 1376 intrantes
1145 1313 1310 1386 dixerunt,
1330 1312 1418 1394 quod
1435 1311 1579 1394 episcopi
1596 1332 1662 1374 non
1683 1320 1837 1375 tenentur

487 1431 666 1514 praedicare
690 1451 748 1513 per
768 1431 893 1514 seipsos
915 1432 1079 1508 vocaliter,
1102 1433 1194 1496 Deus
1214 1433 1424 1515 omnipotens
1444 1431 1633 1515 praedicavit
1658 1431 1691 1494 in
1710 1430 1837 1514 Anglia

488 1551 627 1630 realiter,
650 1552 818 1635 puniendo
847 1551 977 1616 realiter
1002 1563 1036 1616 et
1066 1553 1173 1636 puniri
1199 1554 1423 1636 permittendo
1448 1553 1620 1636 episcopos
1647 1553 1680 1614 in
1703 1551 1835 1635 Anglia,

487 1694 627 1757 quorum
643 1673 761 1737 diversi
785 1673 818 1736 in
833 1672 958 1757 Anglia
981 1675 1079 1738 occisi
1103 1684 1179 1738 sunt
1203 1695 1290 1738 anno
1314 1674 1450 1737 Domini
1471 1687 1562 1754 1450,
1576 1673 1677 1756 aliqui
1695 1683 1835 1736 mortem

486 1794 608 1857 cotidie
624 1803 701 1858 tunc
717 1803 984 1877 expectaverunt,
1002 1806 1035 1858 et
1051 1793 1151 1876 aliqui
1168 1795 1210 1858 de
1232 1795 1327 1858 bonis
1351 1795 1417 1857 suis
1440 1795 1575 1858 terrenis
1597 1793 1728 1876 spoliati
1749 1803 1834 1868 sunt,

488 1923 521 1978 et
538 1915 657 1978 domus
676 1936 788 1978 eorum
807 1915 983 1979 destructae
1003 1925 1035 1979 et
1056 1917 1099 1979 ad
1116 1925 1237 1979 terram
1254 1915 1410 1998 projectae
1425 1915 1564 1978 luerunt.
1604 1914 1732 1978 Eodem
1748 1935 1836 1977 anno

488 2046 522 2100 et
547 2034 674 2118 legistae
705 2035 814 2118 cupidi
841 2056 916 2099 cum
949 2036 996 2098 eis
1030 2045 1203 2100 manentes
1229 2035 1326 2100 occisi
1351 2035 1490 2112 suerunt,
1517 2045 1551 2098 et
1577 2035 1776 2112 incarcerati,
1802 2043 1836 2098 et

487 2159 530 2220 de
552 2156 647 2220 bonis
670 2155 822 2238 spoliati;
845 2166 879 2220 et
901 2177 988 2219 anno
1006 2156 1141 2219 Domini
1162 2171 1243 2238 1450
1259 2157 1346 2220 dixit
1369 2155 1467 2220 michi
1491 2155 1653 2238 Magister
1667 2154 1835 2236 Johannes

489 2277 628 2358 Horley,
652 2275 842 2359 capellanus
865 2276 1013 2358 praedicti
1041 2277 1185 2359 episcopi
1212 2277 1388 2359 Reginaldi
1412 2276 1529 2353 Pecok,
1550 2275 1639 2358 quod
1663 2276 1836 2357 episcopus

489 2409 540 2462 est
556 2397 626 2479 jam
648 2397 741 2460 istius
757 2395 832 2460 fidei
849 2397 952 2460 firmae
968 2398 1057 2480 quod
1078 2398 1222 2479 episcopi
1239 2407 1392 2461 tenentur
1407 2397 1584 2478 praedicare
1599 2396 1761 2471 vocaliter,
1778 2395 1835 2458 sed

488 2539 554 2582 non
584 2528 739 2582 tenentur
769 2517 947 2600 praedicare
985 2519 1085 2582 modo
1121 2518 1251 2595 usitato
1281 2527 1314 2581 et
1345 2516 1426 2581 infra
1456 2517 1616 2580 ducentos
1644 2537 1749 2580 annos
1778 2536 1837 2599 per

487 2637 635 2705 novellos
661 2639 893 2722 praedicatores
917 2640 1059 2718 induct0,
1083 2661 1126 2704 sc.
1150 2640 1343 2722 accipiendo
1370 2638 1483 2703 thema
1510 2648 1543 2702 et
1569 2639 1617 2701 uti
1644 2637 1836 2702 induccione

484 2761 645 2830 thematis
660 2780 720 2841 per
742 2761 965 2824 narracionem
982 2761 1138 2834 materiae,
1155 2781 1230 2842 quae
1253 2759 1419 2823 concludit
1434 2758 1535 2822 verba
1552 2757 1709 2822 thematis
1732 2757 1835 2840 repeti

486 2866 522 2948 et
534 2883 670 2958 recitari,
684 2891 717 2946 et
729 2878 806 2946 tunc
819 2883 994 2946 divisiones
1005 2881 1119 2959 facere,
1130 2903 1196 2965 quo
1206 2883 1306 2945 modo
1318 2880 1444 2963 antiqui
1457 2881 1561 2943 sancti
1575 2900 1640 2942 non
1653 2879 1835 2956 utebantur,

489 3015 525 3068 ut
541 3012 634 3086 patet
650 3004 682 3066 in
698 3004 902 3068 sermonibus
919 3012 952 3067 et
970 3004 1003 3066 iu
1020 3003 1147 3068 omeliis
1164 3002 1277 3067 Sancti
1293 3001 1473 3084 Augustini
1489 3010 1522 3064 et
1539 2999 1653 3064 Sancti
1669 2999 1836 3077 Bemardi,

488 3125 544 3210 qui
560 3125 784 3208 praedlcabant
796 3124 883 3188 clero
895 3135 928 3188 et
944 3125 1068 3207 populo
1080 3123 1282 3207 postillando
1295 3133 1328 3186 et
1341 3121 1540 3204 exponendo
1552 3130 1684 3184 textum
1699 3118 1836 3201 alicujus

483 3245 631 3330 apostoli
667 3245 847 3310 secundum
885 3246 1036 3309 ordinem
1074 3254 1188 3309 textus
1222 3254 1255 3307 et
1290 3243 1469 3325 aliquando
1506 3240 1738 3323 praedicabant,
1769 3259 1836 3302 non

483 3368 698 3453 postilland0,
726 3388 785 3431 nec
811 3367 1010 3450 exponendo
1041 3375 1171 3430 textum
1202 3364 1338 3446 alicujus
1368 3360 1511 3445 capituli,
1539 3361 1597 3424 sed
1628 3360 1835 3434 declarand0,

432 3545 435 3552 .
489 3491 623 3574 quando
656 3488 877 3566 declarabant,
907 3487 1061 3552 articulos
1092 3487 1295 3569 pertinentes
1325 3483 1389 3546 illis
1419 3481 1571 3558 materiis,
1598 3501 1680 3562 quas
1710 3480 1835 3561 absque

487 3613 600 3695 aliquo
630 3610 777 3677 themate
804 3609 1033 3693 proponebant
1062 3627 1172 3672 coram
1200 3607 1287 3670 clero
1310 3626 1366 3668 seu
1390 3602 1513 3687 populo
1539 3601 1752 3664 declarandas
1778 3619 1836 3682 per

488 3735 653 3798 racionem
670 3742 704 3796 et
719 3752 777 3814 per
791 3731 994 3814 scripturam.

575 3863 609 3930 [p.
626 3861 695 3928 406]
741 3851 796 3917 Sic
824 3871 910 3915 anno
934 3850 1068 3913 Domini
1095 3863 1184 3928 1450,
1199 3848 1333 3930 quando
1356 3843 1499 3909 surrexit
1522 3841 1741 3906 communitas
1763 3839 1835 3904 An-

488 3976 563 4059 gliae
585 3975 617 4037 in
636 3973 773 4037 diversis
794 3971 874 4036 locis
894 3981 1008 4035 contra
1033 3967 1279 4045 ecclesiasticos,
1296 3967 1460 4049 praecipue
1477 3964 1638 4028 Ricardus
1662 3961 1835 4044 episcopus

490 4095 617 4171 Sarum,
640 4103 673 4158 et
698 4093 874 4166 GilbertuS,
890 4087 1034 4156 decanus
1057 4089 1141 4154 illius
1164 4089 1309 4153 ecclesiae
1333 4089 1375 4151 de
1399 4085 1527 4164 Sarum,
1550 4093 1583 4147 et
1609 4082 1664 4148 alii
1691 4102 1765 4146 cum
1788 4081 1835 4146 eis

487 4217 653 4292 dixerunt,
671 4214 723 4279 ‘Si
741 4215 971 4297 praedicatores
987 4232 1052 4277 non
1069 4210 1214 4285 luissent,
1231 4209 1381 4274 homines
1401 4229 1467 4273 uon
1488 4204 1707 4274 surrexissent
1722 4210 1835 4270 contra
