4322 4936
703 421 801 477 LOCI
827 421 857 474 E
885 421 1009 476 LIBRO
1045 421 1195 475 VERITA
1205 423 1303 478 TUM.
1623 427 1685 496 209

328 639 517 723 Augustini,
545 639 660 706 Sancti
687 661 784 723 papae
813 639 971 724 Gregorii,
1000 649 1034 704 et
1060 640 1199 705 aliorum
1226 653 1413 707 sanctorum
1438 653 1472 707 et
1499 643 1683 720 doctorum,

328 761 471 825 innitens
494 783 562 825 suae
586 762 727 844 propriae
749 761 942 837 invencioni‚
967 769 1000 825 et
1020 763 1195 827 assercioni
1221 763 1341 847 ingenii
1365 765 1413 828 sui
1438 765 1569 847 proprii,
1591 765 1682 846 quod

328 884 496 965 proprium
525 896 575 947 est
605 883 744 966 paganis
774 893 808 948 et
833 882 1003 962 haereticis
1033 891 1119 948 teste
1148 885 1356 949 sanctissimo
1385 885 1554 968 Jeronimo
1584 885 1684 968 supe'r

329 1003 426 1067 Oseae
452 1004 674 1088 propheciam,
698 1009 783 1087 cap⁰.
807 1003 887 1085 vij⁰;
918 1011 951 1067 et
973 1003 1045 1067 haec
1072 1005 1168 1069 scribi
1196 1007 1229 1068 in
1259 1005 1324 1070 hoc
1355 1004 1447 1083 libro,
1473 1027 1529 1070 seu
1560 1006 1683 1089 scripto

328 1145 411 1198 meo,
441 1125 494 1188 De
523 1125 725 1202 veritatibus,
751 1124 898 1188 collectis
924 1145 968 1188 ex
995 1124 1155 1208 scriptura
1180 1146 1281 1201 sacra,
1309 1137 1403 1191 etex
1430 1128 1559 1210 scriptis
1590 1147 1683 1191 sanc·

327 1253 436 1308 torum
463 1255 496 1309 et
524 1247 705 1323 doctorum,
729 1245 872 1327 judicavi
904 1266 975 1308 esse
1006 1245 1087 1309 utile
1118 1247 1295 1310 memoriae*
1315 1247 1497 1311 futurorum
1527 1249 1683 1322 vlrorum',

328 1385 390 1447 ego
415 1367 513 1431 miser
536 1365 686 1429 Thomas
713 1365 908 1448 Gascoigne,
932 1374 1069 1430 vocatus
1097 1367 1214 1431 doctor
1236 1367 1439 1450 Theologiae‚
1465 1367 1683 1434 Eboracensis

326 1486 477 1550 diocesis.
523 1486 609 1570 Quae
625 1487 711 1550 racio
727 1486 861 1551 inventa
877 1497 928 1551 est
947 1487 990 1550 ab
1009 1487 1073 1551 isto
1094 1487 1250 1572 episcopo
1267 1489 1455 1573 Reginaldo
1472 1489 1590 1568 Pecok,
1606 1509 1682 1573 quae

326 1606 423 1672 latuit
438 1609 561 1672 sanctis
577 1607 750 1690 patribus?
782 1606 876 1672 Sicut
892 1607 1008 1691 quaerit
1023 1629 1044 1672 a
1059 1609 1217 1691 magistro
1235 1610 1332 1673 Petro
1348 1609 1530 1688 Abelardo‚
1545 1611 1682 1693 antiquo

327 1731 495 1811 magistro,
519 1728 648 1792 novello
671 1728 839 1811 subtilogo
861 1729 1043 1806 Parisiensi,
1059 1741 1192 1794 sanctus
1216 1741 1309 1814 pater
1331 1732 1518 1796 Bernardus
1540 1733 1573 1796 in
1596 1733 1682 1814 epis·

326 1849 395 1912 tola
419 1850 461 1912 ad
487 1850 596 1932 ipsum
621 1847 754 1912 Petrum
782 1848 1000 1925 Abelardum‚
1025 1851 1081 1932 qui
1108 1852 1219 1933 posuit
1245 1853 1334 1935 quod
1359 1853 1414 1916 ille
1440 1855 1506 1918 cito
1533 1863 1567 1918 et
1595 1852 1682 1917 male

325 1970 438 2048 credit,
456 1971 521 2052 qui,
537 1971 607 2033 sine
627 1969 753 2033 ratione
776 1970 916 2034 naturali
939 1970 1055 2052 prima,
1071 1972 1176 2035 credit
1194 1973 1284 2054 quod
1308 1972 1426 2036 falsum
1450 1994 1522 2037 esse
1543 1982 1683 2038 testatur

328 2089 470 2154 Sanctus
496 2090 682 2154 Bemardus
709 2091 741 2153 in
766 2091 920 2172 operibus
946 2091 1015 2154 suis
1041 2101 1156 2156 contra
1183 2093 1291 2175 ipsum
1322 2095 1518 2177 magistmm
1546 2094 1680 2158 Petrum

326 2211 543 2278 Abelardum.
591 2212 688 2276 Heu!
717 2211 800 2276 heul
832 2213 921 2294 quod
947 2233 1031 2276 unus
1058 2214 1206 2278 novellus
1234 2216 1408 2298 episcopus
1435 2217 1559 2280 diceret
1590 2217 1680 2298 quod

326 2333 467 2414 apostoli
492 2333 572 2414 Jesu
598 2333 658 2398 Xti
690 2353 755 2396 non
778 2332 926 2396 fecerunt
950 2333 1129 2397 simbolum
1156 2354 1341 2412 commune,
1369 2344 1524 2400 vocatum
1549 2335 1681 2400 Simbo·

327 2452 395 2516 lum
414 2451 665 2536 Apostolorum.
713 2451 856 2518 Sanctus
877 2452 1069 2529 Atanasius‚
1091 2453 1342 2519 Alexandrinus
1366 2456 1548 2538 episcopus,
1566 2465 1681 2522 contra

326 2572 494 2651 Arrianus
523 2575 670 2652 Fotinos,
693 2583 726 2637 et
751 2573 967 2652 Sabellianos,
999 2594 1110 2638 coram
1144 2575 1248 2658 probo
1274 2574 1387 2658 judice
1419 2587 1561 2642 testatur
1590 2577 1680 2661 quod

330 2711 368 2758 12
393 2694 535 2777 apostoli
562 2695 640 2776 Jesu
669 2694 729 2757 Xti
754 2695 890 2757 Domini
921 2697 1025 2758 nostri
1056 2694 1202 2760 lecerunt
1232 2695 1312 2760 illud
1344 2697 1537 2761 cimbolum.
1584 2699 1680 2761 Idem

326 2824 467 2878 testatur
495 2815 637 2880 Sanctus
665 2815 736 2879 Leo
764 2836 861 2898 papa,
888 2817 920 2878 in
947 2816 1031 2879 libro
1057 2816 1281 2899 Epistolarum
1309 2838 1449 2892 suarum,
1478 2820 1510 2881 in
1542 2818 1681 2902 epistola

326 2956 385 2998 sua
416 2937 516 3000 missa
548 2937 591 3000 ad
623 2936 829 3000 Pulcheriam
860 2936 1061 3019 Augustam.
1123 2938 1217 3001 Idem
1253 2947 1396 3002 testatur
1424 2940 1512 3003 idem
1547 2947 1681 3004 sanctus

327 3076 413 3138 papa
438 3056 508 3119 Leo
535 3058 567 3120 in
591 3057 730 3139 epistola
753 3059 795 3120 ad
820 3057 1029 3120 Flamianum
1057 3060 1248 3140 episcopum
1273 3058 1579 3142 Constantinopolis
1603 3059 1680 3124 civi-

326 3177 413 3254 tatis,
441 3177 534 3260 cujus
567 3179 715 3260 epistolae
745 3179 855 3253 verba,
886 3199 930 3242 sc.
953 3177 1010 3242 ‘Si
1037 3180 1110 3260 quis
1141 3181 1387 3260 contradixerit,
1409 3181 1587 3246 anathema
1616 3176 1680 3256 sit‚’

327 3297 434 3380 inquit
456 3300 625 3363 decretum
650 3300 840 3363 universalis
861 3299 1007 3364 ecclesiae
1028 3300 1089 3363 sub
1114 3299 1247 3365 Gelasio
1270 3323 1367 3385 papa,
1383 3311 1417 3366 et
1438 3302 1517 3366 illud
1538 3301 1679 3365 habetur

331 3430 369 3498 15
395 3420 609 3484 distinccione
636 3429 750 3484 sancta
777 3420 932 3484 Romana
959 3420 1104 3484 ecclesia.
1161 3422 1257 3497 Item,
1285 3432 1418 3486 sanctus
1444 3423 1562 3487 doctor
1586 3421 1679 3503 Jero-

328 3539 443 3618 nImus,
460 3541 493 3603 in
516 3539 598 3604 libro
620 3561 681 3604 suo
704 3541 746 3604 ad
769 3540 988 3605 Laurencium
1011 3537 1125 3625 (quem
1149 3540 1267 3605 librum
1292 3541 1452 3606 Sanctum
1471 3543 1678 3624 Jeronimum

326 3658 442 3724 fecisse
472 3660 584 3724 scribit
614 3661 730 3725 doctor
758 3661 927 3742 Johannes
956 3661 1092 3725 Audree
1123 3663 1155 3724 in
1187 3682 1246 3726 suo
1275 3661 1509 3743 Jerominiano,
1548 3665 1568 3726 i.
1584 3683 1613 3726 e.
1645 3664 1677 3725 in

326 3778 410 3842 libro
434 3801 493 3844 suo
509 3781 563 3844 De
586 3780 738 3844 laudibus
762 3783 958 3846 sanctissimi
981 3780 1163 3867 Jeronimi)‚
1179 3791 1320 3846 testatur
1346 3800 1383 3847 12
1406 3781 1575 3866 apostolos
1600 3785 1678 3846 sim-

326 3899 440 3963 bolum
459 3899 540 3964 illud
562 3901 705 3966 edidisse
728 3912 804 3984 post
825 3904 1004 3967 adventum
1030 3901 1171 3986 Spiritus
1195 3901 1308 3968 Sancti
1332 3905 1365 3966 in
1386 3924 1443 3968 eos
1466 3904 1500 3967 in
1522 3905 1576 3968 die
1595 3904 1679 3966 Pen-

326 4029 477 4100 tecostes,
500 4032 534 4086 et
555 4021 701 4087 lecerunt
724 4021 804 4085 illud
825 4032 1004 4106 antequam
1029 4024 1213 4089 abinvicem
1239 4025 1382 4107 separati
1410 4033 1514 4100 erant,
1535 4032 1571 4088 ut
1594 4024 1679 4088 irent

326 4141 370 4205 ad
394 4143 641 4224 praedicandum
665 4143 698 4205 in
721 4143 810 4207 orbe.
858 4143 926 4208 Iste
949 4145 1131 4228 episcopus,
1155 4146 1188 4208 in
1214 4145 1297 4209 libro
1324 4165 1383 4209 suo
1409 4145 1462 4208 De
1488 4144 1562 4223 fide,
1585 4153 1679 4228 parte

327 4262 442 4346 prima,
466 4269 528 4327 ca0.
554 4262 612 4345 iij⁰‚
639 4263 719 4329 dicit
742 4263 832 4346 quod
857 4265 890 4328 in
917 4265 1013 4329 dictis
1041 4264 1188 4350 Gregorii
1215 4274 1292 4330 sunt
1318 4266 1438 4330 diversi
1463 4263 1620 4344 delectus,
1645 4275 1679 4330 et

973 4383 995 4431 E
1012 4391 1030 4433 e
