4338 4936
718 389 813 444 LOCI
843 390 872 442 E
901 389 1025 443 LIBRO
1062 388 1318 442 VERITATUM.
1669 391 1689 458 5

338 605 370 667 in
392 625 451 668 sua
474 605 607 686 dyocesi
631 614 665 667 et
688 604 849 686 parochiis
873 602 961 665 mala
984 602 1087 683 litigia
1111 600 1371 682 multiplicantur
1394 601 1426 664 in
1446 601 1591 680 eisdem;
1614 603 1689 666 ideo

338 725 377 790 fit
400 746 539 806 magnus
562 746 710 789 recursus
733 726 776 788 ad
800 723 935 789 consilia
959 721 1209 804 multiplicanda
1232 722 1264 784 in
1289 741 1398 802 regno.

425 845 461 911 Si
489 847 561 928 quis
591 845 743 909 fundaret
773 844 949 926 collegium
981 844 1013 906 in
1043 851 1259 925 augmentum
1286 843 1443 919 scienciae,
1466 844 1633 920 virtutum,
1656 853 1689 908 ct

339 967 497 1030 doctrinae
523 987 581 1029 seu
607 968 737 1030 devotae
761 965 925 1048 religionis
950 964 1046 1040 viroS,
1068 963 1180 1026 videat
1203 963 1292 1044 quod
1318 963 1363 1027 sic
1389 962 1541 1028 fundaret
1564 985 1621 1028 eos
1648 964 1690 1026 de

339 1088 433 1150 bonis
458 1089 524 1151 suis
548 1089 695 1170 propriis,
719 1108 792 1170 quae
820 1088 866 1150 eis
892 1086 1055 1149 sufficiant
1075 1084 1118 1147 ad
1143 1084 1334 1158 necessaria,
1358 1103 1423 1146 non
1446 1085 1690 1167 appropriando

338 1210 385 1271 cis
407 1208 561 1273 ecclesias
584 1208 796 1290 parochiales.

427 1338 460 1404 [p.
478 1337 530 1401 aa]
569 1330 686 1410 Nuper
716 1330 803 1392 enim
840 1347 923 1390 unus
957 1346 1068 1390 comes
1101 1325 1178 1389 lecit
1209 1326 1380 1390 ecclesiam
1414 1327 1457 1389 de
1490 1325 1691 1408 Haghkarth

340 1450 542 1531 appropriari
574 1449 744 1512 monachis
773 1449 857 1512 albis
887 1449 929 1510 de
957 1447 1081 1510 Gervas
1111 1447 1154 1508 ad
1180 1445 1325 1510 valorem
1356 1447 1526 1512 annuatim
1557 1458 1691 1512 centurn

341 1570 505 1647 librarum,
521 1580 554 1634 et
578 1570 633 1633 ille
654 1590 763 1634 comes
785 1570 887 1632 habet
908 1568 969 1632 sibi
991 1578 1024 1630 et
1045 1567 1220 1630 heredibus
1242 1568 1309 1630 suis
1332 1568 1512 1631 decadem
1533 1569 1692 1632 abbathia

247 1730 254 1741 -
342 1700 446 1754 terras
467 1692 510 1754 de
529 1712 641 1755 eorum
658 1689 862 1765 fundatione,
878 1709 953 1772 quae
968 1688 1079 1751 valent
1095 1689 1266 1750 annuatim
1288 1687 1325 1750 xl
1347 1688 1454 1765 libras,
1471 1709 1552 1770 quas
1574 1691 1691 1753 eadem

341 1811 500 1874 abbathia
521 1812 615 1875 dedit
636 1812 748 1875 comiti
771 1820 804 1874 et
825 1810 1001 1873 heredibus
1021 1808 1088 1871 suis
1105 1829 1165 1890 pro
1180 1808 1236 1871 illa
1256 1809 1527 1890 appropriacione
1545 1809 1691 1874 ecclesiae

342 1931 536 2013 parochialis
558 1933 683 1996 eisdem
706 1931 885 1994 monachis
932 1929 977 1993 Et
1000 1929 1213 1993 consimiliter
1227 1928 1351 1992 habent
1372 1931 1523 1993 monachi
1544 1929 1691 1994 Eborum

341 2051 513 2116 ecclesiam
529 2053 572 2116 de
589 2051 798 2134 Ormyshede
814 2072 873 2132 pro
890 2050 1036 2114 manerio
1049 2049 1190 2114 Scottun
1205 2050 1471 2132 appropriatam3
1497 2060 1529 2114 et
1545 2051 1692 2114 studium

342 2182 375 2235 et
391 2173 560 2255 promocio
576 2173 784 2235 studentium
801 2181 834 2236 et
850 2169 1017 2235 exhibicio
1032 2170 1075 2232 ad
1091 2171 1237 2233 studium
1254 2182 1402 2252 pereunt.
1436 2169 1522 2235 Item
1540 2171 1692 2236 monachi

342 2293 425 2374 nigri
450 2292 597 2355 Eborum
620 2291 746 2355 habent
769 2312 819 2354 xx
843 2290 993 2354 marchas
1016 2289 1166 2353 annualis
1189 2292 1355 2372 pensionis
1377 2293 1501 2356 eisdem
1526 2293 1693 2355 monachis

342 2413 375 2475 in
391 2423 588 2494 perpetuum
605 2412 771 2476 relaxatas
787 2432 845 2493 per
860 2411 1032 2474 ecclesiam
1053 2410 1275 2474 cathedralem
1298 2410 1411 2476 Sancti
1429 2411 1516 2476 Petri
1534 2412 1693 2476 Eborum.

343 2531 406 2596 Illa
428 2533 515 2596 enirn
540 2533 586 2596 sic
611 2533 772 2596 relaxavit
796 2530 965 2596 monachis
993 2530 1082 2593 illam
1111 2532 1287 2595 annualem
1312 2533 1505 2613 pensionem
1532 2554 1581 2595 xx
1609 2553 1694 2598 mar·

343 2653 478 2716 charum
507 2674 567 2735 pro
591 2653 664 2734 jure
693 2662 888 2734 patronatus
918 2652 1015 2714 unius
1048 2651 1194 2714 ecclesioe
1224 2652 1421 2734 parochialis
1451 2673 1607 2718 concesso
1636 2673 1695 2735 per

344 2772 523 2837 monachos
554 2773 700 2837 ecclesiae
729 2773 833 2836 sancti
860 2771 949 2835 Petri
980 2771 1138 2847 Eborum,
1163 2783 1199 2836 ut
1226 2793 1285 2855 per
1308 2773 1478 2837 licenciam
1504 2794 1694 2838 concessam

343 2914 401 2975 per
425 2893 603 2957 Henricum
630 2891 774 2956 Sextum
799 2913 910 2974 regern
934 2891 1069 2974 Angliae
1097 2893 1213 2956 eadem
1240 2893 1378 2958 ecclesia
1406 2894 1564 2958 Ecclesiae
1589 2895 1693 2959 sancti

345 3013 430 3078 Petri
451 3015 688 3096 approprietur.

433 3135 574 3216 Indigna
607 3135 694 3196 enim
730 3135 898 3215 promocio
932 3132 1125 3195 inhabilium
1162 3155 1372 3214 personarum
1405 3147 1438 3198 et
1469 3136 1695 3218 appropriacio

345 3253 553 3318 ecclesiarum
575 3254 809 3336 parochialium
831 3274 937 3316 causae
953 3252 1082 3315 iuemnt
1103 3253 1336 3317 destruccionis
1356 3257 1446 3338 regni
1464 3256 1695 3333 Bohemorum,

345 3385 378 3438 et
399 3374 616 3438 hereticorum
639 3374 728 3436 illam
749 3375 890 3454 patriam
912 3383 946 3437 et
970 3394 1107 3456 regnum
1129 3375 1377 3454 destruentium,
1397 3387 1430 3439 et
1455 3377 1588 3457 quando
1612 3378 1694 3440 veri·

345 3495 451 3558 simile
476 3493 537 3558 suit
559 3496 649 3576 quod
677 3495 757 3557 talia
786 3494 873 3557 mala
898 3494 1108 3556 imminerent
1131 3515 1231 3576 regno
1260 3495 1437 3574 Bohemiae,
1460 3517 1519 3577 per
1544 3496 1696 3580 indignos

345 3615 508 3698 praelatos,
525 3636 583 3698 per
597 3615 903 3697 appropriacionem
927 3614 1147 3691 ecclesiarum,
1164 3625 1197 3678 et
1213 3636 1272 3696 per
1288 3625 1417 3679 curatos
1434 3636 1499 3678 non
1517 3618 1695 3682 residentes

346 3736 378 3797 in
409 3736 494 3799 curis
523 3735 599 3814 suis,
625 3735 832 3800 Universitas
860 3735 1033 3817 Pragensis
1061 3735 1189 3816 scripsit
1221 3735 1367 3799 Martino
1397 3733 1432 3815 5⁰
1461 3758 1520 3820 pro
1550 3738 1696 3802 remedio

345 3856 463 3919 horum
494 3856 665 3930 malorum,
694 3857 752 3918 sed
780 3856 962 3918 remedium
989 3874 1055 3918 non
1083 3855 1144 3918 luit
1171 3865 1384 3920 consecutum
1409 3858 1467 3922 sed
1492 3859 1695 3922 destructum

347 3987 398 4040 est
428 3997 564 4059 regnum
592 3976 814 4040 Bohernorum
839 3985 873 4040 et
898 3975 1045 4039 ecclesiae
1072 3976 1247 4040 destructae
1275 3986 1307 4040 et
1332 3977 1514 4040 combustae
1538 3999 1597 4060 per
1621 3979 1696 4044 Hus

347 4096 565 4160 hereticorum
603 4097 784 4178 principem
820 4107 853 4158 et
889 4117 948 4177 per
978 4095 1111 4159 Petrum
1149 4096 1249 4160 Clark
1281 4096 1469 4178 Anglicum,
1502 4099 1695 4180 magistrum

347 4218 466 4280 artium
502 4217 650 4281 inutilem
690 4217 842 4292 Oxoniae‚
873 4219 928 4298 qui
967 4217 1027 4280 suit
1067 4226 1163 4280 natus
1200 4218 1232 4279 in
1270 4217 1394 4299 Anglia
1428 4219 1460 4280 in
1492 4218 1568 4282 villa
1598 4220 1696 4300 juxta
