4378 4936
720 394 819 449 LOCl
844 394 873 447 E
902 393 1027 448 LIBRO
1062 395 1321 450 VERITATUM.
1644 393 1704 471 165

347 606 515 689 antipapa,
540 609 572 671 in
593 608 730 673 concilio
751 608 879 686 Pisano,
901 618 980 672 ante
1003 607 1178 672 concilium
1202 609 1470 688 Constanciense,
1485 631 1545 693 per
1566 621 1698 676 senten-

347 727 429 791 tiam
453 727 540 792 illius
565 728 703 806 concilii,
725 729 897 812 depositus
917 728 979 793 suit
1001 750 1022 793 a
1043 738 1169 811 papatu
1194 750 1264 808 suo,
1284 749 1385 811 quem
1408 750 1443 794 se
1464 729 1587 796 habere
1608 731 1697 798 dixit

347 856 382 912 et
402 849 642 931 praetendebat.
687 849 779 931 Papa
801 848 964 913 Martinus
987 848 1120 929 quintus
1143 859 1318 914 coronatus
1339 850 1401 914 suit
1426 860 1459 915 et
1488 863 1697 918 consecratus

348 967 557 1033 Constanciae
581 987 618 1034 21
651 970 706 1034 die
730 970 852 1033 mensis
879 969 1088 1048 Novembris,
1114 991 1203 1035 anno
1230 971 1366 1035 Domini
1393 985 1484 1052 1417,
1508 981 1542 1037 et
1572 974 1696 1038 indicto

345 1091 389 1154 de
425 1111 585 1154 consensu
621 1091 748 1156 concilii
786 1112 871 1155 novo
905 1090 1043 1155 concilio
1076 1091 1222 1175 generali
1253 1092 1453 1157 celebrando
1487 1103 1564 1177 post
1601 1095 1697 1178 quin·

347 1213 526 1293 quennium
554 1212 586 1276 in
613 1211 745 1277 civitate
772 1210 936 1293 Papiensi‚
960 1210 1059 1275 solvit
1083 1211 1257 1276 concilium
1280 1212 1360 1276 illud
1385 1212 1595 1279 Constanciae
1619 1235 1695 1280 cum

345 1354 504 1398 consensu
529 1333 677 1416 ejusdem
702 1333 864 1416 generalis
890 1333 1042 1412 concilii;
1070 1342 1103 1396 et
1124 1354 1213 1398 anno
1235 1335 1342 1417 primo
1368 1335 1502 1400 Martini
1528 1337 1611 1400 obiit
1636 1336 1695 1418 Jo-

344 1454 470 1518 hannes
486 1473 536 1539 23,
562 1455 770 1519 Constanciae
793 1455 973 1538 depositus,
996 1455 1147 1537 quamvis
1170 1475 1230 1538 per
1252 1475 1376 1538 paucos
1401 1457 1473 1522 dies
1497 1467 1576 1523 ante
1599 1477 1695 1522 suam

346 1586 486 1640 mortem
515 1575 623 1641 factus
651 1575 714 1640 suit
743 1596 802 1660 per
830 1596 953 1658 papam
980 1576 1162 1640 Martinum
1193 1577 1346 1659 quintum
1372 1579 1555 1644 cardinalis.
1609 1579 1695 1644 Haec

344 1700 456 1762 omnia
475 1708 592 1780 patent
615 1700 648 1761 in
671 1698 755 1761 libro
779 1697 832 1761 De
852 1699 955 1781 gestis
977 1698 1011 1761 in
1031 1697 1170 1762 concilio
1192 1698 1311 1763 Pisano
1335 1709 1368 1764 et
1391 1699 1425 1763 in
1451 1701 1589 1765 concilio
1606 1699 1695 1765 Con-

343 1819 520 1883 stanciensi
545 1817 754 1882 Constanciae
777 1816 954 1892 celebrato,
978 1828 1013 1882 et
1035 1827 1086 1882 est
1111 1818 1166 1883 iile
1189 1817 1271 1882 liber
1291 1819 1399 1883 bonus
1421 1819 1454 1882 in
1477 1820 1581 1884 tribus
1602 1819 1694 1885 volu-

345 1940 487 2004 minibus
510 1938 654 2004 Oxoniae
679 1937 875 2016 Dunelmiae,
897 1938 1041 2023 Anglice
1064 1940 1191 2004 Duram
1215 1939 1364 2024 College.

430 2070 556 2138 [p.176.]
600 2059 703 2125 Anno
730 2060 865 2125 Domini
891 2059 972 2144 1389
996 2061 1119 2125 electus
1143 2061 1205 2125 suit
1228 2062 1262 2124 in
1283 2082 1405 2144 papam
1425 2061 1612 2127 Bonifacius
1635 2061 1693 2138 ix·‚

343 2192 377 2248 et
401 2203 491 2247 anno
517 2183 578 2248 Xti
606 2201 685 2267 1391
715 2182 920 2246 canonizavit
947 2183 1066 2246 Romae
1095 2182 1254 2248 Sanctam
1281 2183 1458 2266 Birgittam
1483 2184 1627 2259 viduam,
1653 2204 1693 2248 ac

342 2303 570 2387 principissam
601 2304 771 2386 quondam
801 2302 952 2378 Nericiae,
983 2299 1016 2366 iii
1047 2324 1149 2387 regno
1173 2302 1317 2382 Sweeiae‚
1346 2323 1447 2386 quam
1477 2304 1565 2368 Xtus
1594 2304 1694 2386 Jesus

341 2425 472 2490 vocavit
496 2445 653 2508 sponsam
677 2445 781 2499 suam,
798 2434 832 2487 et
856 2424 903 2488 sic
922 2426 1031 2488 vocari
1055 2446 1129 2488 eam
1153 2424 1241 2501 iecit,
1264 2434 1399 2508 propter
1423 2446 1580 2509 magnum
1600 2446 1694 2489 amo·

343 2568 411 2611 rem
435 2557 469 2611 et
492 2547 720 2612 obedienciam
743 2545 891 2629 ejusdem
911 2545 1060 2628 Birgittae
1083 2547 1245 2610 voluntati
1267 2546 1340 2623 Dei,
1360 2567 1435 2628 quae
1458 2546 1579 2610 Romae
1600 2546 1692 2622 obiit,

341 2671 400 2733 sed
427 2671 459 2732 in
485 2690 586 2752 regno
613 2668 749 2733 Sweciae
776 2667 845 2750 ejus
874 2688 950 2732 ossa
976 2677 1090 2733 sancta
1115 2668 1211 2751 plura
1236 2668 1446 2749 requiescunt
1471 2668 1505 2732 in
1531 2678 1692 2732 aetemum

340 2790 555 2872 glorificanda
578 2791 611 2854 in
635 2790 736 2869 coelis,
758 2799 795 2854 ut
817 2789 931 2854 canale
953 2791 1072 2873 graciae
1098 2790 1228 2854 divinae.
1279 2791 1374 2854 Idem
1397 2789 1584 2854 Boniiacius
1608 2789 1693 2854 obiit

341 2932 428 2976 anno
454 2912 515 2976 Xti
545 2930 637 2990 1404,
666 2933 726 2994 per
751 2920 884 2994 tempus
909 2911 1045 2994 aliquod
1071 2921 1150 2976 ante
1177 2909 1301 2974 festum
1326 2910 1521 2975 Natiuitatis
1544 2910 1614 2989 Xti,
1640 2910 1691 2976 cui

339 3032 494 3097 dominus
517 3032 730 3097 Innocentius
753 3039 822 3112 7mu·
844 3041 895 3096 est
917 3031 950 3094 in
973 3031 1191 3115 apostolicum
1213 3030 1421 3114 subrogatus.

428 3152 521 3218 Ordo
561 3172 723 3235 paparum
763 3152 992 3216 Romanorum
1024 3163 1104 3218 ante
1140 3152 1244 3216 cisma
1280 3161 1316 3216 et
1354 3152 1388 3214 in
1421 3151 1558 3215 cismate
1596 3148 1692 3214 finito

341 3273 549 3338 Constanciae
571 3275 604 3336 In
627 3272 766 3338 concilio
788 3273 911 3338 ibidem
934 3271 1101 3356 generali:
1125 3272 1283 3338 Urbanus
1298 3271 1355 3356 vj¹,
1374 3273 1407 3335 in
1429 3271 1522 3354 cujus
1543 3280 1694 3353 tempore

339 3394 460 3477 incepit
490 3396 592 3459 cisma
622 3415 681 3479 per
710 3415 875 3459 recessum
906 3394 1121 3459 cardinalium
1149 3414 1170 3456 a
1194 3413 1293 3476 papa,
1319 3393 1398 3476 quia
1426 3412 1492 3456 non
1520 3391 1695 3455 voluerunt

339 3514 505 3579 reformari
535 3517 579 3580 de
607 3517 705 3581 certis
738 3515 842 3591 malis,
866 3513 1058 3579 Bonifacius
1087 3513 1144 3591 ix',
1177 3513 1392 3578 Innocentius
1420 3511 1486 3594 vij¹‚
1517 3511 1695 3594 Gregorius

338 3634 407 3717 xij·,
433 3635 602 3716 Johannes
625 3635 733 3718 xxiij',
761 3635 926 3700 Martinus
955 3636 1101 3718 quintus,
1131 3634 1302 3717 Eugenius
1332 3642 1478 3717 quartus,
1510 3631 1694 3696 Nicholaua

338 3756 481 3837 quintus,
503 3755 656 3821 Calixtus
677 3756 733 3840 iij·.
781 3757 897 3821 Petrus
914 3757 958 3821 de
981 3755 1079 3818 Luna
1098 3754 1268 3837 antipapa,
1290 3755 1346 3835 qui
1373 3753 1504 3817 vocavit
1525 3773 1561 3815 se
1583 3752 1693 3835 ipsum

339 3875 555 3941 Benedictum
572 3877 661 3960 xiijm‚
677 3876 738 3941 suit
761 3878 794 3940 in
815 3887 968 3961 tempore
987 3877 1132 3942 Romani
1154 3897 1252 3959 papae
1274 3874 1423 3958 Gregorii
1442 3873 1509 3956 xiji,
1526 3874 1583 3956 qui
1605 3871 1694 3938 Con-

337 3997 471 4061 stanciae
494 4006 652 4080 papatum
678 3997 854 4081 resignavit
877 4019 937 4082 per
962 4007 1191 4081 procuratores
1214 4016 1301 4074 suos,
1324 3995 1475 4078 quamvis
1500 4003 1601 4058 antea
1623 3994 1693 4076 ipse

338 4127 372 4181 et
397 4116 515 4181 Petrus
541 4118 584 4181 de
612 4117 708 4182 Luna
730 4119 873 4202 depositi
900 4128 995 4184 erant
1024 4139 1083 4201 per
1113 4119 1314 4184 sentenciam
1341 4116 1470 4182 concilii
1500 4116 1532 4180 in
1556 4113 1696 4180 concilio

336 4238 480 4321 generali
505 4238 634 4303 Pisano.
725 4279 729 4286 -
