4378 4936
735 423 835 478 LOCI
860 423 890 476 E
918 423 1044 477 LIBRO
1079 423 1335 478 VERITATUM.
1653 419 1712 487 107

361 631 515 696 miseram
544 635 851 717 appropriacionem
880 636 1103 712 destruuntur,
1134 645 1168 701 et
1196 636 1402 711 omittuntur,
1433 641 1466 696 et
1495 631 1542 696 sic
1575 637 1714 713 pereunt

361 751 612 818 innumerabilia
629 756 728 832 bona,
746 777 822 838 quae
845 756 962 820 fierent
977 757 1004 819 si
1027 757 1175 822 rectoriae
1198 757 1232 820 in
1252 756 1399 838 primeva
1423 773 1483 816 sua
1502 751 1713 816 ordinacione

361 883 619 954 permanerent3
653 885 688 939 et
716 877 892 940 verisimile
922 886 972 941 est
1001 897 1061 960 per
1089 877 1172 941 vicia
1202 876 1378 958 regnancia
1407 894 1468 957 per
1500 871 1713 935 omissionem
1811 863 1816 872 ’

361 994 595 1075 praedictorum
617 997 789 1076 bonorum,
812 1018 887 1079 quae
910 1008 1048 1080 pereunt
1078 1019 1136 1080 per
1160 996 1467 1080 appropriationem
1490 992 1711 1065 ecclesiarum,

361 1115 450 1195 quod
487 1114 597 1197 plures
630 1118 750 1180 animae
784 1127 818 1182 et
853 1118 1107 1182 innumerabiles
1139 1119 1364 1201 dampnantur
1397 1114 1603 1188 aetemaliter,
1637 1132 1713 1194 quae

360 1234 460 1297 salvae
486 1235 626 1300 fuissent
649 1237 676 1299 si
698 1237 891 1302 habuissent
915 1238 1022 1302 bonos
1044 1248 1187 1303 rectores
1211 1249 1245 1303 et
1267 1238 1332 1302 alia
1354 1245 1469 1300 sancta
1499 1254 1601 1317 opera
1628 1253 1713 1315 prae·

359 1355 458 1432 dicta,
473 1377 557 1438 quae,
577 1377 637 1440 per
656 1357 759 1421 talem
776 1358 930 1422 miseram
951 1359 1257 1442 appropriacionem
1275 1356 1494 1432 ecclesiarum,
1514 1353 1714 1418 omittuntur

359 1484 395 1538 et
414 1487 562 1558 pereunt,
579 1486 613 1541 et
633 1477 680 1541 ita
695 1479 784 1542 bona
804 1499 905 1562 opera
927 1481 959 1542 in
981 1489 1033 1543 tot
1055 1481 1203 1563 personis
1226 1488 1260 1543 et
1282 1477 1489 1561 parochianis
1511 1475 1632 1538 omissa
1655 1494 1714 1556 per

359 1596 461 1660 talem
488 1598 793 1681 appropriacionem
822 1609 900 1664 sunt
926 1601 959 1663 in
992 1609 1065 1665 toto
1094 1600 1197 1683 plura,
1224 1601 1267 1663 de
1295 1598 1471 1674 verisimili,
1497 1616 1597 1679 quam
1625 1595 1713 1657 hona

359 1716 446 1780 lacta
467 1718 520 1781 vel
543 1718 653 1782 fienda
675 1740 734 1801 per
755 1720 871 1802 viginti
892 1721 945 1784 vel
969 1721 1188 1803 quadraginta
1208 1721 1295 1784 viros
1316 1718 1368 1784 vel
1392 1717 1570 1800 religiosos,
1593 1715 1713 1798 quibus

359 1838 432 1901 istae
461 1837 608 1903 ecclesiae
634 1841 895 1923 appropriantur,
918 1851 952 1905 et
976 1842 1032 1925 qui
1059 1825 1231 1905 retrahunt
1256 1840 1343 1904 bona
1367 1838 1578 1902 ecclesiarum
1605 1858 1625 1900 a
1651 1855 1712 1898 suo

360 1967 450 2023 recto
479 1981 548 2036 usu,
578 1970 712 2043 propter
741 1983 816 2044 quae
840 1963 933 2026 Deus
963 1961 1019 2026 illa
1047 1962 1136 2025 bona
1164 1959 1326 2025 concessit
1355 1959 1476 2024 curatis
1504 1957 1712 2033 animarum3

359 2079 447 2142 unde
476 2079 594 2145 merito
618 2081 700 2145 dicit
730 2092 765 2147 et
791 2091 940 2158 testatur,
966 2092 1090 2147 sanctae
1117 2082 1285 2146 memoriae
1311 2081 1428 2145 doctor
1450 2079 1606 2143 dominus
1632 2076 1712 2140 Lin-

358 2198 542 2279 colniensis,
572 2201 605 2264 in
636 2201 867 2284 Proposicione
899 2225 960 2267 sua
987 2203 1102 2266 habita
1135 2223 1246 2267 coram
1278 2223 1366 2285 papa
1390 2199 1592 2276 Innocenti0,
1615 2202 1711 2262 ‘cum

358 2318 447 2384 lacta
470 2329 521 2384 est
549 2321 626 2385 talis
651 2322 864 2387 ecclesiarum
887 2324 1124 2407 appropriaci0,
1147 2323 1236 2387 lacta
1257 2333 1308 2386 est
1335 2324 1369 2386 in
1392 2319 1531 2385 ecclesia
1552 2318 1617 2382 Dei
1640 2337 1712 2382 om·

358 2441 449 2504 nium
469 2440 629 2505 malorum
648 2440 881 2526 perpetuacio.’
919 2444 988 2509 Sed
1013 2443 1097 2508 forte
1121 2443 1222 2526 aliqui
1245 2444 1369 2521 dicunt,
1386 2439 1525 2505 ‘Melius
1547 2447 1598 2504 est
1615 2458 1712 2521 paro-

357 2560 481 2624 chianis
496 2583 547 2623 xx
570 2562 739 2644 religiosos
759 2585 853 2628 orare
875 2573 910 2628 et
931 2564 1048 2628 missas
1064 2564 1138 2627 Deo
1157 2564 1323 2628 celebrare
1340 2584 1401 2646 pro
1423 2563 1470 2626 eis
1492 2580 1592 2644 quam
1609 2579 1710 2622 unum

357 2691 528 2759 rectorem,
546 2683 604 2745 sed
628 2683 674 2746 sic
697 2683 735 2748 fit
758 2704 817 2766 per
838 2684 1144 2767 appropriacionem
1167 2685 1388 2762 ecclesiarum,
1411 2704 1489 2766 ergo
1516 2681 1634 2745 melius
1660 2690 1712 2744 est

357 2800 563 2883 parochianis
592 2802 1029 2887 talem'appropriacionem
1057 2805 1125 2868 fieri
1156 2827 1258 2888 quam
1285 2826 1351 2869 non
1374 2802 1476 2882 fieri3'
1509 2802 1579 2866 sine
1608 2801 1711 2865 dubio

356 2921 477 2985 veritas
500 2923 533 2984 in
552 2922 615 2986 hac
634 2926 773 2988 materia
789 2935 905 3007 aperta
927 2935 986 3004 est,
1002 2946 1077 3008 quae
1094 2926 1181 2990 hanc
1198 2926 1419 3008 objectionem
1435 2924 1576 2988 tolleret.
1609 2921 1711 2986 Com-

356 3041 489 3124 paracio
511 3062 577 3106 non
600 3044 701 3108 debet
723 3045 791 3108 fieri
815 3047 1034 3110 intermissas
1055 3047 1204 3112 omnium
1228 3046 1454 3129 religiosorum
1477 3045 1573 3108 unius
1596 3062 1710 3105 mona-

356 3163 446 3226 sterii
470 3172 504 3227 et
527 3165 661 3228 missam
677 3166 772 3229 unius
794 3167 927 3231 rectoris
949 3167 1096 3232 ecclesiae
1117 3168 1220 3246 unius,
1237 3169 1295 3231 sed
1319 3166 1541 3231 intermissas
1563 3166 1710 3246 ipsorum

356 3293 391 3348 et
411 3305 527 3348 omnes
547 3286 665 3350 missas
680 3287 782 3370 ipsius
804 3288 938 3352 rectoris
959 3299 993 3352 et
1013 3288 1158 3372 ipsorum
1175 3311 1258 3372 quos
1279 3289 1425 3366 exhibet,
1440 3297 1474 3352 et
1494 3287 1579 3350 inter
1598 3285 1711 3348 onmia

356 3405 445 3470 bona
473 3405 539 3470 alia
568 3427 643 3489 quae
673 3429 732 3490 per
765 3419 925 3472 rectorem
952 3409 985 3472 in
1008 3409 1117 3492 seipso
1144 3419 1178 3474 et
1200 3409 1272 3473 aliis
1303 3409 1507 3493 perveniunt,
1532 3407 1621 3470 unde
1649 3405 1708 3468 ali·

355 3526 491 3608 quando
520 3526 632 3609 plures
664 3539 759 3593 actus
787 3529 865 3593 boni
902 3539 1130 3594 sustentantur
1158 3540 1193 3594 et
1223 3530 1485 3612 multiplicantur
1518 3548 1577 3610 per
1607 3545 1708 3588 unum

355 3656 518 3711 rectorem
544 3647 578 3711 in
606 3647 696 3713 mille
722 3649 929 3732 parochianis
954 3651 1029 3728 suis,
1052 3659 1087 3715 et
1111 3651 1144 3714 in
1171 3650 1243 3714 aliis
1266 3650 1415 3734 personis
1438 3669 1498 3731 per
1519 3648 1599 3711 talia
1621 3647 1710 3710 bona

355 3787 422 3830 non
448 3767 669 3871 appropriata,
691 3770 747 3852 qui
773 3779 868 3835 actus
890 3791 956 3834 non
979 3771 1026 3834 sic
1050 3771 1133 3835 fiunt
1152 3792 1212 3854 per
1233 3771 1402 3853 religiosos
1425 3781 1459 3834 et
1481 3769 1563 3834 alios
1588 3767 1709 3850 quibus

355 3885 503 3951 ecclesiae
524 3889 786 3971 appropriantur,
809 3890 867 3953 sed
891 3891 987 3973 pauci
1009 3890 1094 3955 tales
1117 3900 1210 3956 actus
1233 3892 1319 3956 inter
1341 3893 1429 3973 ipsos
1455 3889 1538 3952 fiunt
1562 3888 1594 3950 in
1617 3907 1709 3951 com-

354 4007 529 4092 paracione
550 4010 593 4073 ad
617 4019 710 4074 actus
724 4011 830 4075 bonos
852 4013 908 4094 qui
931 4033 992 4094 per
1006 4013 1130 4076 bonum
1154 4021 1313 4076 rectorem
1337 4013 1370 4074 in
1391 4010 1539 4094 pluribus
1561 4007 1708 4091 personis

354 4129 440 4193 fiunt
462 4138 496 4193 et
518 4129 641 4210 fierent,
664 4131 691 4194 si
715 4142 821 4196 rector
843 4133 886 4196 sit
908 4133 992 4198 sicut
1015 4144 1111 4211 esset,
1132 4133 1188 4196 ubi
1211 4133 1297 4197 sorte
1319 4153 1378 4215 per
1400 4131 1457 4194 illa
1477 4131 1567 4194 bona
1588 4149 1708 4212 appro-

353 4251 462 4333 priata
482 4250 578 4332 pauci
599 4251 682 4316 tales
704 4261 798 4317 actus
816 4251 907 4332 fiunt,
923 4261 957 4318 et
972 4253 1034 4316 hoc
1054 4255 1188 4334 praecise
1205 4264 1242 4318 ut
1265 4251 1482 4318 communiter
1505 4253 1537 4316 in
1558 4251 1707 4334 personis

1005 4371 1024 4418 Ρ
1044 4375 1060 4419 2
