4378 4936
488 395 548 475 148
863 403 961 458 LOCI
987 401 1017 454 E
1044 402 1169 456 LIBRO
1205 402 1463 457 VERITATUM.

485 621 575 684 idem
602 622 690 703 prior
716 619 808 682 dedit
836 618 943 681 eidem
968 617 1097 700 legistae
1120 618 1176 699 jus
1200 619 1423 700 praesentandi
1447 638 1562 682 omnes
1586 618 1658 680 illas
1685 617 1840 685 ecclesias

486 743 541 819 sie,
562 741 653 823 quod
677 740 732 804 ille
755 739 915 803 defendat
941 760 1017 803 eum
1040 741 1084 803 ab
1106 741 1260 804 omnibus
1283 741 1411 805 vicariis
1437 751 1471 804 et
1495 740 1702 823 parochianis
1724 741 1780 823 qui
1807 741 1841 803 in

486 863 576 926 curia
598 862 743 945 episcopi
766 863 815 924 sui
838 861 1047 944 implacitant
1070 863 1222 944 priorem,
1251 883 1311 944 pro
1338 863 1401 925 illis
1427 882 1502 944 quae
1529 862 1649 926 laceret
1676 863 1710 925 in
1738 862 1841 926 eccle-

487 984 543 1047 siis
566 984 785 1068 appropriatis
809 1003 869 1046 suo
893 983 1060 1065 prioratui,
1083 993 1116 1046 et
1139 983 1193 1047 ille
1217 983 1323 1047 malus
1350 984 1468 1067 legista
1491 996 1605 1048 contra
1627 984 1683 1066 jus
1707 993 1841 1052 senten-

488 1107 554 1170 ciat
573 1126 633 1188 pro
655 1106 771 1188 priore,
795 1115 828 1168 et
851 1105 927 1168 ideo
949 1115 1101 1187 quaerunt
1124 1105 1306 1168 remedium
1330 1105 1455 1192 injure
1479 1106 1580 1187 regni.

575 1235 609 1300 [p.
629 1233 696 1298 ron]
745 1225 909 1288 Dominus
940 1226 1041 1307 Papa,
1073 1224 1132 1288 Xti
1166 1226 1315 1300 vicarius,
1345 1235 1457 1308 potest
1491 1235 1594 1289 terras
1626 1235 1660 1289 et
1693 1225 1841 1289 redditus

489 1347 545 1428 qui
569 1346 690 1410 dantur
716 1346 843 1410 caeteris
869 1345 949 1409 locis
975 1357 1010 1409 et
1037 1346 1244 1409 monasteriis
1269 1346 1414 1410 alienare
1438 1357 1472 1410 et
1496 1345 1642 1410 conferre
1664 1346 1736 1409 aliis
1762 1345 1842 1408 locis

489 1476 522 1530 et
549 1465 694 1530 ecclesiis
716 1465 966 1548 parochialibus,
990 1475 1026 1529 ut
1053 1465 1179 1547 majora
1204 1467 1293 1530 bona
1320 1475 1352 1530 et
1377 1467 1482 1549 majus
1505 1467 1631 1531 lucrum
1657 1467 1842 1536 animarum

490 1608 534 1650 ex
565 1586 746 1649 ministerio
776 1585 906 1650 illorum
936 1587 1099 1650 bonorum
1129 1587 1333 1668 proveniant,
1360 1587 1445 1651 sicut
1476 1587 1640 1650 Dominus
1671 1585 1763 1650 Deus
1794 1607 1843 1648 re-

489 1707 594 1771 traxit
619 1707 663 1770 ab
690 1706 783 1788 Hely
807 1717 840 1770 et
865 1707 932 1769 suis
955 1707 1197 1771 successoribus
1220 1728 1295 1788 quae
1319 1709 1409 1790 prius
1432 1707 1478 1771 eis
1502 1707 1687 1771 contulerat
1712 1718 1746 1770 et
1770 1727 1843 1789 per·.

490 1827 635 1905 miserat,
662 1827 776 1891 dicens
804 1827 854 1890 12⁰.
879 1827 1020 1909 Regum,
1047 1826 1166 1893 ‘Absit
1192 1827 1256 1893 hoc
1282 1849 1302 1892 a
1330 1827 1405 1904 me,'
1427 1828 1561 1906 scilicet,
1587 1837 1625 1891 ut
1651 1828 1842 1910 permittam

489 1959 525 2012 te
551 1957 585 2011 et
607 1957 683 2011 tuos
708 1968 913 2012 successores
939 1969 983 2011 ex
1009 1959 1068 2012 tua
1089 1949 1284 2030 posteritate
1310 1948 1433 2012 habere
1460 1959 1494 2013 et
1520 1951 1659 2013 retinere
1682 1969 1757 2032 quae
1784 1947 1843 2012 tibi

490 2069 581 2152 prius
610 2069 755 2152 promisi,
782 2069 872 2151 quod
904 2069 960 2132 illa
989 2068 1160 2145 haberent,
1187 2081 1221 2134 et
1251 2090 1326 2152 quae
1356 2071 1416 2133 tibi
1447 2069 1592 2148 contuli;
1623 2069 1845 2133 abutebantur

491 2191 579 2255 enim
610 2191 707 2267 datis,
738 2199 772 2252 et
802 2190 878 2253 ideo
905 2189 995 2271 juste
1028 2211 1088 2272 per
1118 2191 1229 2254 Deum
1262 2201 1296 2254 et
1331 2212 1390 2274 per
1425 2190 1496 2272 ejus
1530 2191 1688 2255 vicarium
1725 2189 1844 2253 retrahi

491 2311 535 2374 ab
562 2311 611 2373 eis
640 2320 790 2393 possunt,
811 2289 848 2373 ¹et
873 2311 946 2373 aliis
972 2310 1120 2388 conferri,
1149 2312 1205 2394 qui
1232 2311 1310 2378 inde
1337 2309 1497 2392 majorem
1524 2311 1667 2375 fructum
1698 2311 1844 2374 afferent.

492 2431 652 2496 Ecclesiae
681 2432 769 2494 enirn
800 2430 1004 2513 parochiales
1035 2442 1070 2495 et
1104 2452 1182 2496 cura
1210 2433 1394 2495 animarum
1421 2432 1492 2514 jam
1522 2433 1555 2495 in
1585 2432 1735 2514 pluribus
1765 2431 1845 2495 locis

491 2550 627 2633 Angliae
653 2552 867 2614 destruuntur
892 2572 951 2633 per
976 2553 1282 2635 appropriacionem
1310 2552 1519 2616 ecclesiarum
1542 2551 1789 2635 parochialium,
1812 2562 1847 2615 et

493 2672 619 2736 domini
646 2672 766 2735 terreni
792 2673 923 2756 decepti
949 2683 1027 2736 sunt
1053 2673 1212 2749 dicentes,
1235 2673 1377 2736 ‘Melius
1404 2683 1454 2736 est
1481 2674 1569 2736 enirn
1591 2673 1681 2756 quod
1709 2673 1848 2736 ecclesia

493 2791 724 2875 appropriatur
754 2791 811 2856 tali
842 2792 924 2871 loco,
951 2795 1029 2877 quia
1059 2794 1170 2876 plures
1199 2814 1356 2875 personas
1386 2793 1524 2858 exhibet
1554 2814 1614 2876 per
1643 2794 1731 2856 bona
1762 2792 1847 2855 illius

495 2912 650 2988 ecclesiae,
676 2922 710 2976 et
739 2912 849 2996 plures
879 2914 988 2977 missae
1018 2915 1124 2978 eciam
1154 2915 1361 2978 celebrantur
1391 2914 1515 2978 ibidem
1545 2934 1606 2996 pro
1636 2913 1844 2996 parochianis

494 3033 582 3096 illius
611 3033 758 3097 ecclesiae
787 3035 1018 3117 appropriate,
1049 3055 1149 3116 quam
1179 3035 1268 3116 quod
1300 3055 1384 3097 unus
1413 3035 1574 3116 superbus
1603 3033 1726 3098 habeat
1756 3033 1847 3096 illam

496 3155 669 3218 rectoriam
696 3165 730 3220 et
751 3155 840 3218 vivat
866 3155 956 3219 laute
979 3156 1034 3218 ubi
1056 3155 1196 3218 voluerit
1222 3177 1282 3238 per
1306 3155 1395 3218 bona
1418 3155 1504 3218 illius
1527 3154 1693 3219 ecclesiae!
1738 3154 1847 3234 Tales,

496 3276 552 3358 qui
578 3276 625 3338 sic
649 3275 772 3352 dicunt,
799 3296 865 3338 non
891 3276 1103 3339 considerant
1128 3277 1217 3358 quod
1246 3275 1464 3358 multiplicare
1491 3275 1758 3339 inconveniencia
1781 3294 1848 3338 non

498 3405 548 3460 est
575 3417 615 3459 ea
637 3394 772 3458 solvere.
826 3395 893 3478 Ipsi
921 3397 1008 3459 enim
1035 3405 1113 3459 sunt
1139 3416 1238 3464 causa
1261 3417 1361 3478 quare
1385 3395 1530 3460 ecclesiae
1553 3397 1675 3460 dantur
1696 3396 1848 3478 indignis,

498 3527 532 3580 et
558 3536 658 3598 quare
689 3536 801 3578 earum
827 3516 915 3579 bona
942 3516 1028 3579 male
1055 3517 1298 3599 expenduntur,
1324 3537 1383 3599 per
1409 3516 1523 3595 malos,
1548 3517 1669 3598 quibus
1696 3517 1850 3580 ecclesias

498 3636 690 3715 conserunt3
721 3637 783 3719 ipsi
805 3637 893 3699 enim
911 3637 1067 3712 dicerent,
1083 3637 1137 3700 ‘Si
1158 3637 1296 3701 ecclesia
1318 3659 1375 3701 seu
1396 3638 1484 3701 bona
1505 3638 1644 3701 rectoria
1665 3647 1752 3700 esset
1770 3636 1850 3700 data

499 3760 588 3822 bono
613 3767 647 3821 et
668 3755 771 3820 habili
793 3757 872 3832 viro,
896 3758 952 3839 qui
975 3757 1116 3821 fideliter
1140 3758 1305 3839 promittit
1331 3779 1367 3821 se
1391 3758 1532 3821 residere
1557 3757 1591 3821 in
1617 3757 1745 3836 eadem,
1769 3767 1850 3820 tunc

499 3879 595 3962 plura
623 3879 712 3941 bona
742 3877 855 3940 debita
883 3876 999 3941 fierent
1029 3878 1114 3941 inter
1142 3877 1368 3959 parochianos,
1397 3879 1531 3957 eisdem,
1562 3887 1596 3941 et
1625 3899 1684 3962 pro
1713 3877 1852 3954 eisdem,

500 4008 536 4062 et
557 4019 617 4082 per
639 3997 732 4061 illum
755 3998 880 4062 bonum
903 4009 1066 4063 rectorem
1094 3998 1329 4062 exhiberentur
1355 3997 1466 4080 plures
1488 3997 1636 4081 juveneS,
1659 3999 1716 4081 qui
1741 4005 1852 4061 essent

502 4120 614 4203 magni
649 4119 756 4184 clerici
792 4120 826 4181 in
861 4118 989 4197 scholis,
1019 4129 1053 4182 et
1086 4120 1282 4197 sacerdotes,
1314 4120 1379 4201 qui,
1409 4139 1468 4202 per
1501 4119 1666 4184 orationes
1700 4137 1786 4194 suas,
1817 4125 1852 4180 et

504 4242 630 4319 missas,
658 4251 690 4304 et
721 4241 1003 4323 praedicacionem,
1031 4251 1064 4305 et
1094 4251 1209 4316 sancto
1239 4241 1404 4323 exemplo,
1436 4241 1541 4324 magis
1572 4241 1645 4305 Deo
1676 4239 1852 4322 placerent,
