4378 4936
496 393 556 458 168
871 395 969 452 LOCI
995 395 1024 450 E
1052 395 1177 452 LIBRO
1213 395 1471 453 VERITATUM.

494 618 574 702 priis
599 617 695 682 bonis
721 617 867 699 ipsorum
891 614 1101 678 dominorum
1125 582 1391 688 exhiberent,et
1412 610 1497 676 tales
1522 631 1634 675 secum
1657 611 1843 687 retinerent,

494 739 552 822 qui
571 737 615 805 ab
633 736 724 802 omni
745 735 810 799 alia
829 751 907 799 cura
924 733 1018 798 exuti
1038 725 1168 811 essent}
1191 733 1267 797 ideo
1289 732 1376 796 enim
1394 723 1558 796 Dominus
1580 734 1746 815 separavit
1761 731 1845 796 filios

495 861 578 926 Levi
603 861 646 924 ab
673 851 801 925 actibus
826 843 1135 934 'co'mmunilo'us3'ut'
1153 845 1282 920 actibus
1313 862 1468 919 vacarent
1496 874 1580 937 quos
1609 845 1766 937 praecepit
1798 855 1845 918 eis

496 981 590 1047 Deus
611 989 647 1046 et
667 977 809 1064 apostoli
832 977 981 1042 Actuum
1000 975 1031 1040 6.

495 1223 627 1287 cuidam
650 1221 806 1306 episcopo
828 1221 862 1284 iu
883 1217 1018 1302 Anglia,
1038 1219 1128 1300 quod
1151 1217 1222 1301 ipse
1243 1226 1384 1294 vocaret,
1408 1226 1445 1282 ut
1464 1225 1576 1282 essent
1602 1215 1764 1300 capellani
1785 1215 1859 1290 sui,¹

432 1327 436 1344 ¹
495 1363 711 1427 quoscunque
735 1340 923 1404 sacerdotes
946 1347 1078 1403 curatos
1102 1338 1207 1403 voluit
1232 1338 1294 1402 sub
1321 1346 1411 1403 certo
1436 1358 1582 1414 numero,
1605 1337 1652 1402 ita
1675 1336 1765 1419 quod
1787 1355 1846 1400 ex·

495 1464 600 1529 cusati
622 1472 733 1528 essent
751 1461 795 1525 ab
818 1459 910 1524 omni
934 1458 1114 1524 residencia
1139 1459 1173 1522 in
1194 1479 1255 1523 sua
1284 1461 1431 1536 rectoria,
1454 1467 1489 1523 et
1515 1461 1620 1524 eciam
1646 1457 1788 1536 vicaria3
1811 1466 1846 1521 et

496 1585 582 1648 inter
607 1592 744 1649 caeteros
767 1581 898 1647 vocavit
919 1600 1023 1644 unum
1046 1579 1103 1663 qui
1127 1579 1189 1644 suit
1215 1589 1322 1645 rector
1344 1590 1379 1645 et
1400 1579 1547 1655 vicarius,
1570 1587 1607 1644 ut
1629 1587 1716 1644 esset
1738 1577 1846 1661 capel-

497 1705 591 1768 lanus
617 1724 705 1784 suus,
727 1712 762 1768 et
785 1703 930 1767 admisso
954 1702 988 1765 in
1011 1701 1156 1765 officium
1182 1700 1344 1783 capellani
1370 1700 1524 1782 episcopi,
1546 1700 1636 1764 idem
1658 1709 1765 1764 rector
1786 1717 1846 1762 nec

495 1826 590 1891 stetit
614 1824 648 1888 in
671 1825 774 1888 domo
801 1822 946 1905 episcopi
973 1841 1034 1886 nec
1061 1821 1096 1885 in
1121 1841 1199 1886 cura
1226 1842 1294 1898 sua,
1320 1822 1379 1886 sed
1402 1821 1635 1886 venacionibus
1661 1828 1695 1885 et
1721 1818 1846 1884 deliciis

496 1946 683 2012 carnalibus
704 1965 764 2028 per
784 1963 890 2009 annos
912 1943 1052 2018 vacavit,
1075 1942 1189 2006 dicens
1210 1963 1247 2008 se
1269 1942 1440 2025 perillam
1463 1942 1633 2008 licenciam
1656 1963 1754 2027 papae
1775 1941 1847 2006 haec

495 2067 558 2131 sibi
578 2066 676 2131 licere
688 2087 696 2144 ;
723 2074 757 2129 et
779 2083 900 2147 magna
921 2072 1060 2145 peccata
1084 2071 1240 2128 secuntur
1259 2083 1303 2126 ex
1322 2062 1394 2140 hoc,
1417 2065 1507 2147 quod
1529 2065 1674 2148 episcopi
1697 2075 1732 2130 et
1753 2085 1847 2148 reges

495 2188 623 2253 habent
647 2187 820 2251 licenciam
843 2184 1005 2250 retinendi
1027 2204 1140 2248 secum
1167 2185 1200 2248 in
1224 2185 1321 2249 curiis
1345 2185 1414 2249 suis
1439 2195 1474 2250 et
1496 2186 1611 2252 officiis
1633 2206 1849 2270 quoscunque

495 2308 660 2374 voluerint
681 2308 743 2372 sub
766 2315 856 2372 certo
879 2325 1024 2384 numero,
1039 2305 1096 2388 qui
1119 2305 1234 2370 dicunt
1257 2326 1293 2370 se
1315 2306 1465 2370 excusari
1487 2307 1530 2370 ab
1553 2309 1643 2371 omni
1666 2309 1847 2373 residencia

496 2431 531 2494 in
560 2451 675 2494 eorum
702 2429 787 2494 curis
816 2437 850 2493 et
881 2415 996 2492 officiis
1026 2448 1085 2510 per
1110 2426 1211 2492 talem
1240 2427 1410 2492 licenciam
1434 2448 1632 2503 concessam,
1657 2439 1694 2493 ut
1722 2430 1846 2505 dicunt,

497 2551 638 2635 regibus,
658 2559 692 2615 et
714 2550 883 2632 episcopis,
904 2559 938 2612 et
960 2548 1103 2612 dominis
1125 2549 1192 2612 suis
1214 2549 1398 2626 mundanis,
1417 2558 1452 2613 et
1474 2559 1587 2614 tamen
1610 2551 1711 2634 aliqui
1734 2571 1846 2614 eorum

495 2680 652 2737 tenentur
675 2691 720 2734 ex
737 2669 926 2754 juramento
951 2668 1101 2745 residere,
1121 2670 1214 2752 quasi
1239 2671 1403 2748 continue,
1427 2671 1460 2734 in
1486 2672 1553 2734 suis
1580 2671 1725 2738 ecclesiis
1748 2671 1847 2738 colle·

497 2792 597 2877 giatis
633 2792 687 2856 vel
723 2789 977 2866 cathedralibus,
1008 2798 1043 2853 et
1071 2789 1174 2873 aliqui
1207 2811 1321 2854 eorum
1354 2811 1399 2854 ex
1426 2793 1599 2858 voluntate
1635 2793 1847 2860 fundatorum

497 2933 631 2978 suorum
652 2920 808 2976 tenentur
830 2910 973 2974 residere
993 2918 1028 2974 et
1045 2909 1187 2993 plurima
1202 2910 1319 2991 lacere,
1337 2921 1372 2977 et
1392 2921 1505 2978 tamen
1527 2935 1571 2978 ex
1593 2915 1728 2981 licencia
1749 2937 1848 3000 papae

497 3043 533 3099 et
552 3031 804 3117 praesidencium
826 3029 910 3096 tales
930 3030 1157 3095 ordinaciones
1178 3031 1376 3097 frustrantur
1397 3043 1431 3098 et
1454 3037 1684 3101 remediantur.
1716 3037 1847 3102 Bonum

498 3155 587 3221 enim
613 3163 702 3220 esset
727 3162 843 3219 contra
871 3153 954 3219 talia
980 3152 1068 3217 mala
1091 3153 1275 3218 remedium
1304 3156 1395 3236 quod
1424 3154 1615 3222 fundatores
1645 3159 1848 3236 ordinarent,

496 3279 588 3362 quod
611 3277 639 3342 si
657 3275 777 3360 aliquis
799 3277 833 3340 in
857 3274 917 3341 tali
940 3273 1013 3340 loco
1035 3273 1193 3340 fundatus
1215 3277 1374 3358 receperit
1394 3276 1565 3342 licenciam
1592 3279 1625 3342 in
1647 3281 1847 3346 contrarium

497 3397 717 3464 ordinacionis
742 3397 935 3475 fundatoris,
961 3395 1051 3479 quod
1078 3397 1151 3479 ipso
1172 3395 1261 3461 iacto
1285 3397 1328 3462 sit
1350 3397 1510 3480 expulsus
1532 3419 1553 3462 a
1575 3398 1649 3482 jure
1672 3400 1759 3466 illius
1785 3401 1848 3467 loci

497 3529 533 3585 et
562 3518 779 3602 expellendus
805 3539 826 3582 a
849 3517 922 3582 loco
951 3516 1023 3582 sine
1053 3537 1145 3582 mora
1175 3527 1210 3581 et
1238 3517 1282 3581 ab
1308 3519 1398 3582 omni
1429 3518 1637 3584 exhibicione
1666 3522 1699 3584 in
1730 3523 1847 3587 eodem

498 3640 582 3706 loco.
628 3640 793 3704 Dominus
812 3638 900 3702 enim
921 3638 1010 3702 dixit
1032 3637 1107 3702 filiis
1131 3637 1276 3713 Zcbidei,
1299 3647 1360 3704 etc.

585 3770 620 3839 [μ
641 3769 708 3835 ran]
759 3761 847 3826 Vide
872 3757 958 3825 hanc
985 3761 1157 3824 materiam
1183 3759 1268 3824 bene
1297 3769 1533 3844 pertractatam
1562 3762 1595 3827 in
1622 3762 1706 3828 libro
1733 3763 1848 3829 Sancti

499 3882 658 3948 Bemardi
685 3881 739 3946 De
763 3881 1013 3964 dispensacione
1040 3889 1074 3945 et
1099 3889 1276 3964 praecepto‚
1299 3890 1334 3946 et
1363 3882 1440 3947 vide
1470 3883 1503 3945 in
1533 3883 1617 3946 libro
1640 3883 1695 3948 De
1723 3885 1849 3950 naturis

498 4003 734 4088 apostolorum,
758 4003 814 4067 ubi
837 4009 932 4086 patet
962 4001 1052 4084 quod
1076 4001 1235 4066 Nicolaus
1264 4021 1353 4086 papa
1381 4003 1477 4082 dixit,
1503 4002 1667 4070 ‘Securus
1696 4015 1748 4071 est
1773 4023 1849 4071 cum

497 4145 566 4208 quo
588 4145 677 4210 papa
702 4125 883 4208 dispensat,
906 4132 944 4189 ut
973 4144 1040 4188 non
1061 4131 1203 4188 vexetur
1224 4123 1257 4188 in
1278 4122 1350 4206 jure
1379 4123 1451 4201 sori,
1473 4125 1534 4190 sed
1557 4146 1624 4190 non
1646 4133 1697 4190 est
1719 4145 1764 4189 ex
1786 4123 1850 4191 hoc

500 4265 634 4311 securus
659 4246 692 4310 in
714 4245 789 4328 jure
817 4243 894 4329 poli,
920 4265 1029 4310 coram
1051 4244 1135 4324 Deo,
1160 4245 1216 4328 qui
1243 4265 1309 4309 non
1332 4243 1415 4310 fallit
1439 4265 1499 4310 nec
1522 4244 1652 4324 fallitur,
1678 4244 1761 4312 sicut
1786 4265 1850 4328 ego
