<?xml version="1.0" encoding="UTF-8"?>
<!DOCTYPE html PUBLIC "-//W3C//DTD XHTML 1.0 Transitional//EN"
    "http://www.w3.org/TR/xhtml1/DTD/xhtml1-transitional.dtd">
<html xmlns="http://www.w3.org/1999/xhtml" xml:lang="en" lang="en">
 <head>
  <title>
</title>
<meta http-equiv="Content-Type" content="text/html;charset=utf-8" />
  <meta name='ocr-system' content='tesseract 3.04.00' />
  <meta name='ocr-capabilities' content='ocr_page ocr_carea ocr_par ocr_line ocrx_word'/>
</head>
<body>
  <div class='ocr_page' id='page_1' title='image "./locielibroverit01gascgoog_0115.png"; bbox 0 0 4338 4936; ppageno 0'>
   <div class='ocr_carea' id='block_1_1' title="bbox 485 403 1457 464">
    <p class='ocr_par' dir='ltr' id='par_1_1' title="bbox 485 403 1457 464">
     <span class='ocr_line' id='line_1_1' title="bbox 485 403 1457 464; baseline -0.003 -2"><span class='ocrx_word' id='word_1_1' title='bbox 485 415 523 464; x_wconf 82' lang='lat'><strong>12</strong></span> <span class='ocrx_word' id='word_1_2' title='bbox 856 405 955 460; x_wconf 90' lang='lat' dir='ltr'><strong>LOCl</strong></span> <span class='ocrx_word' id='word_1_3' title='bbox 981 405 1010 460; x_wconf 90' lang='lat' dir='ltr'><em>E</em></span> <span class='ocrx_word' id='word_1_4' title='bbox 1038 405 1162 459; x_wconf 87' lang='lat' dir='ltr'><em>LIBRO</em></span> <span class='ocrx_word' id='word_1_5' title='bbox 1197 403 1457 459; x_wconf 83' lang='lat' dir='ltr'><em>VERITATUM.</em></span> 
     </span>
    </p>
   </div>
   <div class='ocr_carea' id='block_1_2' title="bbox 483 615 1841 1546">
    <p class='ocr_par' dir='ltr' id='par_1_2' title="bbox 483 615 1837 925">
     <span class='ocr_line' id='line_1_2' title="bbox 483 615 1837 704; baseline -0.001 -21"><span class='ocrx_word' id='word_1_6' title='bbox 483 619 702 704; x_wconf 90' lang='lat' dir='ltr'><strong>antiquorum,</strong></span> <span class='ocrx_word' id='word_1_7' title='bbox 726 621 758 684; x_wconf 93' lang='lat' dir='ltr'><strong>in</strong></span> <span class='ocrx_word' id='word_1_8' title='bbox 785 631 934 703; x_wconf 90' lang='lat' dir='ltr'><strong>tempore</strong></span> <span class='ocrx_word' id='word_1_9' title='bbox 957 618 1068 682; x_wconf 84' lang='lat' dir='ltr'><strong>Annae</strong></span> <span class='ocrx_word' id='word_1_10' title='bbox 1095 618 1216 700; x_wconf 84' lang='lat' dir='ltr'><strong>reginae</strong></span> <span class='ocrx_word' id='word_1_11' title='bbox 1239 615 1375 698; x_wconf 81' lang='lat' dir='ltr'><strong>Angliae</strong></span> <span class='ocrx_word' id='word_1_12' title='bbox 1398 624 1432 679; x_wconf 90' lang='lat' dir='ltr'><strong>et</strong></span> <span class='ocrx_word' id='word_1_13' title='bbox 1456 615 1569 679; x_wconf 89' lang='lat' dir='ltr'><strong>uxoris</strong></span> <span class='ocrx_word' id='word_1_14' title='bbox 1592 615 1677 700; x_wconf 86' lang='lat' dir='ltr'><strong>regis</strong></span> <span class='ocrx_word' id='word_1_15' title='bbox 1701 615 1837 681; x_wconf 92' lang='lat' dir='ltr'><strong>Ricardi</strong></span> 
     </span>
     <span class='ocr_line' id='line_1_3' title="bbox 483 737 1837 825; baseline -0.003 -21"><span class='ocrx_word' id='word_1_16' title='bbox 483 761 544 805; x_wconf 90' lang='lat' dir='ltr'><strong>nec</strong></span> <span class='ocrx_word' id='word_1_17' title='bbox 565 751 644 805; x_wconf 91' lang='lat' dir='ltr'><strong>ante</strong></span> <span class='ocrx_word' id='word_1_18' title='bbox 666 751 798 825; x_wconf 89' lang='lat' dir='ltr'><strong>tempus</strong></span> <span class='ocrx_word' id='word_1_19' title='bbox 820 741 900 805; x_wconf 91' lang='lat' dir='ltr'><strong>illud</strong></span> <span class='ocrx_word' id='word_1_20' title='bbox 921 749 1030 804; x_wconf 88' lang='lat' dir='ltr'><strong>vestes</strong></span> <span class='ocrx_word' id='word_1_21' title='bbox 1052 739 1259 803; x_wconf 91' lang='lat' dir='ltr'><strong>dominarum</strong></span> <span class='ocrx_word' id='word_1_22' title='bbox 1282 737 1326 800; x_wconf 91' lang='lat' dir='ltr'><strong>ad</strong></span> <span class='ocrx_word' id='word_1_23' title='bbox 1352 745 1473 800; x_wconf 85' lang='lat' dir='ltr'><strong>terram</strong></span> <span class='ocrx_word' id='word_1_24' title='bbox 1498 737 1738 802; x_wconf 90' lang='lat' dir='ltr'><strong>descenderunt</strong></span> <span class='ocrx_word' id='word_1_25' title='bbox 1760 758 1837 802; x_wconf 91' lang='lat' dir='ltr'><strong>cum</strong></span> 
     </span>
     <span class='ocr_line' id='line_1_4' title="bbox 485 861 609 925; baseline 0.008 -1"><span class='ocrx_word' id='word_1_26' title='bbox 485 861 609 925; x_wconf 85' lang='lat' dir='ltr'><strong>caudis.</strong></span> 
     </span>
    </p>

    <p class='ocr_par' dir='ltr' id='par_1_3' title="bbox 487 977 1841 1546">
     <span class='ocr_line' id='line_1_5' title="bbox 574 977 1841 1065; baseline 0 -23"><span class='ocrx_word' id='word_1_27' title='bbox 574 990 614 1058; x_wconf 80' lang='lat' dir='ltr'><strong>[p.</strong></span> <span class='ocrx_word' id='word_1_28' title='bbox 642 991 710 1058; x_wconf 59' lang='grc' dir='ltr'><strong>πμ]</strong></span> <span class='ocrx_word' id='word_1_29' title='bbox 747 991 849 1046; x_wconf 80' lang='lat' dir='ltr'><strong>Deus.</strong></span> <span class='ocrx_word' id='word_1_30' title='bbox 917 981 991 1065; x_wconf 87' lang='lat' dir='ltr'><strong>Ego</strong></span> <span class='ocrx_word' id='word_1_31' title='bbox 1028 980 1178 1044; x_wconf 87' lang='lat' dir='ltr'>Thomas</span> <span class='ocrx_word' id='word_1_32' title='bbox 1216 977 1403 1060; x_wconf 86' lang='lat' dir='ltr'><strong>Gascoigne</strong></span> <span class='ocrx_word' id='word_1_33' title='bbox 1434 997 1525 1059; x_wconf 87' lang='lat' dir='ltr'><strong>saepe</strong></span> <span class='ocrx_word' id='word_1_34' title='bbox 1561 977 1629 1042; x_wconf 91' lang='lat' dir='ltr'><strong>vidi</strong></span> <span class='ocrx_word' id='word_1_35' title='bbox 1669 987 1703 1042; x_wconf 91' lang='lat' dir='ltr'><strong>et</strong></span> <span class='ocrx_word' id='word_1_36' title='bbox 1740 979 1841 1043; x_wconf 93' lang='lat' dir='ltr'><strong>credo</strong></span> 
     </span>
     <span class='ocr_line' id='line_1_6' title="bbox 487 1097 1840 1186; baseline -0.001 -20"><span class='ocrx_word' id='word_1_37' title='bbox 487 1101 632 1177; x_wconf 87' lang='lat' dir='ltr'><strong>firmiter,</strong></span> <span class='ocrx_word' id='word_1_38' title='bbox 671 1103 760 1186; x_wconf 91' lang='lat' dir='ltr'><strong>quod</strong></span> <span class='ocrx_word' id='word_1_39' title='bbox 797 1123 897 1186; x_wconf 91' lang='lat' dir='ltr'><strong>opera</strong></span> <span class='ocrx_word' id='word_1_40' title='bbox 934 1123 1008 1186; x_wconf 86' lang='lat' dir='ltr'><strong>quae</strong></span> <span class='ocrx_word' id='word_1_41' title='bbox 1048 1099 1201 1165; x_wconf 89' lang='lat' dir='ltr'><strong>dominus</strong></span> <span class='ocrx_word' id='word_1_42' title='bbox 1242 1097 1481 1180; x_wconf 90' lang='lat' dir='ltr'><strong>Lynconiensis</strong></span> <span class='ocrx_word' id='word_1_43' title='bbox 1518 1098 1635 1163; x_wconf 91' lang='lat' dir='ltr'><strong>doctor</strong></span> <span class='ocrx_word' id='word_1_44' title='bbox 1672 1099 1840 1164; x_wconf 87' lang='lat' dir='ltr'><strong>Robertus</strong></span> 
     </span>
     <span class='ocr_line' id='line_1_7' title="bbox 488 1215 1840 1306; baseline -0.001 -20"><span class='ocrx_word' id='word_1_45' title='bbox 488 1221 696 1287; x_wconf 89' lang='lat' dir='ltr'><strong>Grosseteste</strong></span> <span class='ocrx_word' id='word_1_46' title='bbox 721 1223 825 1287; x_wconf 84' lang='lat' dir='ltr'>edidit</span> <span class='ocrx_word' id='word_1_47' title='bbox 852 1233 885 1288; x_wconf 89' lang='lat' dir='ltr'><strong>et</strong></span> <span class='ocrx_word' id='word_1_48' title='bbox 910 1223 1042 1306; x_wconf 87' lang='lat' dir='ltr'><strong>propria</strong></span> <span class='ocrx_word' id='word_1_49' title='bbox 1068 1242 1166 1285; x_wconf 91' lang='lat' dir='ltr'><strong>manu</strong></span> <span class='ocrx_word' id='word_1_50' title='bbox 1194 1239 1254 1284; x_wconf 91' lang='lat' dir='ltr'><strong>sua</strong></span> <span class='ocrx_word' id='word_1_51' title='bbox 1280 1219 1417 1302; x_wconf 78' lang='lat' dir='ltr'><strong>scripsit,</strong></span> <span class='ocrx_word' id='word_1_52' title='bbox 1440 1215 1515 1300; x_wconf 71' lang='lat' dir='ltr'><strong>quae</strong></span> <span class='ocrx_word' id='word_1_53' title='bbox 1537 1240 1639 1302; x_wconf 91' lang='lat' dir='ltr'><strong>opera</strong></span> <span class='ocrx_word' id='word_1_54' title='bbox 1661 1240 1723 1303; x_wconf 87' lang='lat' dir='ltr'><strong>ego</strong></span> <span class='ocrx_word' id='word_1_55' title='bbox 1750 1241 1840 1304; x_wconf 87' lang='lat' dir='ltr'><strong>saepe</strong></span> 
     </span>
     <span class='ocr_line' id='line_1_8' title="bbox 487 1339 1841 1425; baseline 0 -21"><span class='ocrx_word' id='word_1_56' title='bbox 487 1343 565 1417; x_wconf 90' lang='lat' dir='ltr'><strong>vidi,</strong></span> <span class='ocrx_word' id='word_1_57' title='bbox 596 1344 782 1407; x_wconf 89' lang='lat' dir='ltr'><strong>extendunt</strong></span> <span class='ocrx_word' id='word_1_58' title='bbox 816 1365 852 1407; x_wconf 90' lang='lat' dir='ltr'><strong>se</strong></span> <span class='ocrx_word' id='word_1_59' title='bbox 886 1345 920 1406; x_wconf 91' lang='lat' dir='ltr'><strong>in</strong></span> <span class='ocrx_word' id='word_1_60' title='bbox 952 1343 1140 1425; x_wconf 88' lang='lat' dir='ltr'><strong>quantitate</strong></span> <span class='ocrx_word' id='word_1_61' title='bbox 1174 1340 1287 1423; x_wconf 92' lang='lat' dir='ltr'><strong>scripti</strong></span> <span class='ocrx_word' id='word_1_62' title='bbox 1317 1339 1404 1402; x_wconf 91' lang='lat' dir='ltr'><strong>ultra</strong></span> <span class='ocrx_word' id='word_1_63' title='bbox 1437 1339 1660 1422; x_wconf 87' lang='lat' dir='ltr'><strong>quantitatem</strong></span> <span class='ocrx_word' id='word_1_64' title='bbox 1695 1341 1841 1405; x_wconf 91' lang='lat' dir='ltr'><strong>doctoris</strong></span> 
     </span>
     <span class='ocr_line' id='line_1_9' title="bbox 488 1459 1841 1546; baseline -0.002 -20"><span class='ocrx_word' id='word_1_65' title='bbox 488 1462 643 1527; x_wconf 90' lang='lat' dir='ltr'><strong>Nicholai</strong></span> <span class='ocrx_word' id='word_1_66' title='bbox 670 1465 712 1527; x_wconf 92' lang='lat' dir='ltr'><strong>de</strong></span> <span class='ocrx_word' id='word_1_67' title='bbox 739 1463 830 1546; x_wconf 87' lang='lat' dir='ltr'>Lyra</span> <span class='ocrx_word' id='word_1_68' title='bbox 854 1483 953 1546; x_wconf 86' lang='lat' dir='ltr'><strong>supra</strong></span> <span class='ocrx_word' id='word_1_69' title='bbox 975 1463 1171 1546; x_wconf 86' lang='lat' dir='ltr'><strong>scripturam</strong></span> <span class='ocrx_word' id='word_1_70' title='bbox 1198 1481 1335 1536; x_wconf 89' lang='lat' dir='ltr'><strong>sacram,</strong></span> <span class='ocrx_word' id='word_1_71' title='bbox 1362 1460 1395 1523; x_wconf 92' lang='lat' dir='ltr'><strong>in</strong></span> <span class='ocrx_word' id='word_1_72' title='bbox 1426 1479 1523 1523; x_wconf 89' lang='lat' dir='ltr'><strong>sensu</strong></span> <span class='ocrx_word' id='word_1_73' title='bbox 1553 1459 1718 1540; x_wconf 89' lang='lat' dir='ltr'><strong>historico,</strong></span> <span class='ocrx_word' id='word_1_74' title='bbox 1743 1470 1777 1525; x_wconf 91' lang='lat' dir='ltr'><strong>et</strong></span> <span class='ocrx_word' id='word_1_75' title='bbox 1806 1461 1841 1524; x_wconf 92' lang='lat' dir='ltr'><strong>in</strong></span> 
     </span>
    </p>
   </div>
   <div class='ocr_carea' id='block_1_3' title="bbox 487 1555 1842 1667">
    <p class='ocr_par' dir='ltr' id='par_1_4' title="bbox 487 1555 1842 1667">
     <span class='ocr_line' id='line_1_10' title="bbox 487 1555 1842 1667; baseline -0.001 -20"><span class='ocrx_word' id='word_1_76' title='bbox 487 1603 588 1666; x_wconf 88' lang='lat' dir='ltr'><strong>opere</strong></span> <span class='ocrx_word' id='word_1_77' title='bbox 613 1605 675 1648; x_wconf 93' lang='lat' dir='ltr'><strong>suo</strong></span> <span class='ocrx_word' id='word_1_78' title='bbox 701 1584 816 1648; x_wconf 93' lang='lat' dir='ltr'><strong>morali</strong></span> <span class='ocrx_word' id='word_1_79' title='bbox 841 1604 940 1667; x_wconf 90' lang='lat' dir='ltr'><strong>super</strong></span> <span class='ocrx_word' id='word_1_80' title='bbox 967 1583 1119 1660; x_wconf 89' lang='lat' dir='ltr'><strong>Bibliam,</strong></span> <span class='ocrx_word' id='word_1_81' title='bbox 1141 1555 1231 1665; x_wconf 85' lang='lat' dir='ltr'><strong>quod</strong></span> <span class='ocrx_word' id='word_1_82' title='bbox 1255 1601 1338 1664; x_wconf 90' lang='lat' dir='ltr'><strong>opus</strong></span> <span class='ocrx_word' id='word_1_83' title='bbox 1366 1580 1490 1644; x_wconf 89' lang='lat' dir='ltr'><strong>morale</strong></span> <span class='ocrx_word' id='word_1_84' title='bbox 1514 1581 1658 1646; x_wconf 90' lang='lat' dir='ltr'><strong>doctoris</strong></span> <span class='ocrx_word' id='word_1_85' title='bbox 1681 1582 1724 1646; x_wconf 93' lang='lat' dir='ltr'><strong>de</strong></span> <span class='ocrx_word' id='word_1_86' title='bbox 1751 1581 1842 1664; x_wconf 85' lang='lat' dir='ltr'>Lyra</span> 
     </span>
    </p>
   </div>
   <div class='ocr_carea' id='block_1_4' title="bbox 487 1699 1845 2390">
    <p class='ocr_par' dir='ltr' id='par_1_5' title="bbox 487 1699 1841 1907">
     <span class='ocr_line' id='line_1_11' title="bbox 489 1699 1841 1787; baseline -0.001 -19"><span class='ocrx_word' id='word_1_87' title='bbox 489 1725 554 1786; x_wconf 86' lang='lat' dir='ltr'><strong>ego</strong></span> <span class='ocrx_word' id='word_1_88' title='bbox 576 1704 665 1768; x_wconf 92' lang='lat' dir='ltr'><strong>idem</strong></span> <span class='ocrx_word' id='word_1_89' title='bbox 686 1703 834 1768; x_wconf 89' lang='lat' dir='ltr'>Thomas</span> <span class='ocrx_word' id='word_1_90' title='bbox 855 1703 1040 1787; x_wconf 86' lang='lat' dir='ltr'><strong>Gascoigne</strong></span> <span class='ocrx_word' id='word_1_91' title='bbox 1062 1703 1128 1767; x_wconf 91' lang='lat' dir='ltr'><strong>vidi</strong></span> <span class='ocrx_word' id='word_1_92' title='bbox 1151 1701 1294 1767; x_wconf 85' lang='lat' dir='ltr'><strong>Oxoniae</strong></span> <span class='ocrx_word' id='word_1_93' title='bbox 1313 1702 1346 1764; x_wconf 93' lang='lat' dir='ltr'><strong>in</strong></span> <span class='ocrx_word' id='word_1_94' title='bbox 1367 1699 1517 1784; x_wconf 85' lang='lat' dir='ltr'><strong>Collegio</strong></span> <span class='ocrx_word' id='word_1_95' title='bbox 1540 1701 1658 1766; x_wconf 92' lang='lat' dir='ltr'><strong>Balioli</strong></span> <span class='ocrx_word' id='word_1_96' title='bbox 1681 1703 1714 1765; x_wconf 94' lang='lat' dir='ltr'><strong>in</strong></span> <span class='ocrx_word' id='word_1_97' title='bbox 1738 1702 1841 1766; x_wconf 92' lang='lat' dir='ltr'><strong>mani·</strong></span> 
     </span>
     <span class='ocr_line' id='line_1_12' title="bbox 487 1820 1743 1907; baseline -0.001 -20"><span class='ocrx_word' id='word_1_98' title='bbox 487 1825 551 1888; x_wconf 92' lang='lat' dir='ltr'><strong>bus</strong></span> <span class='ocrx_word' id='word_1_99' title='bbox 574 1824 719 1888; x_wconf 89' lang='lat' dir='ltr'><strong>doctoris</strong></span> <span class='ocrx_word' id='word_1_100' title='bbox 745 1825 884 1890; x_wconf 89' lang='lat' dir='ltr'><strong>Roberti</strong></span> <span class='ocrx_word' id='word_1_101' title='bbox 909 1823 1070 1907; x_wconf 91' lang='lat' dir='ltr'><strong>Twathys</strong></span> <span class='ocrx_word' id='word_1_102' title='bbox 1096 1823 1243 1904; x_wconf 84' lang='lat' dir='ltr'><strong>magistri</strong></span> <span class='ocrx_word' id='word_1_103' title='bbox 1268 1821 1457 1905; x_wconf 90' lang='lat' dir='ltr'><strong>principalis</strong></span> <span class='ocrx_word' id='word_1_104' title='bbox 1481 1820 1567 1885; x_wconf 90' lang='lat' dir='ltr'><strong>illius</strong></span> <span class='ocrx_word' id='word_1_105' title='bbox 1593 1821 1743 1906; x_wconf 86' lang='lat' dir='ltr'><strong>Collegii.</strong></span> 
     </span>
    </p>

    <p class='ocr_par' dir='ltr' id='par_1_6' title="bbox 487 1943 1845 2390">
     <span class='ocr_line' id='line_1_13' title="bbox 576 1943 1844 2028; baseline 0.002 -23"><span class='ocrx_word' id='word_1_106' title='bbox 576 1954 615 2022; x_wconf 83' lang='lat' dir='ltr'><strong>[p.</strong></span> <span class='ocrx_word' id='word_1_107' title='bbox 642 1953 710 2022; x_wconf 57' lang='lat'><strong>252]</strong></span> <span class='ocrx_word' id='word_1_108' title='bbox 748 1944 779 2010; x_wconf 94' lang='lat' dir='ltr'>O</span> <span class='ocrx_word' id='word_1_109' title='bbox 807 1965 907 2028; x_wconf 89' lang='lat' dir='ltr'><strong>quam</strong></span> <span class='ocrx_word' id='word_1_110' title='bbox 936 1965 1056 2028; x_wconf 87' lang='lat' dir='ltr'><strong>magna</strong></span> <span class='ocrx_word' id='word_1_111' title='bbox 1083 1953 1160 2008; x_wconf 91' lang='lat' dir='ltr'><strong>sunt</strong></span> <span class='ocrx_word' id='word_1_112' title='bbox 1190 1963 1290 2026; x_wconf 90' lang='lat' dir='ltr'><strong>opera</strong></span> <span class='ocrx_word' id='word_1_113' title='bbox 1319 1952 1386 2014; x_wconf 91' lang='lat' dir='ltr'><strong>tua,</strong></span> <span class='ocrx_word' id='word_1_114' title='bbox 1419 1943 1563 2006; x_wconf 89' lang='lat' dir='ltr'><strong>Domine</strong></span> <span class='ocrx_word' id='word_1_115' title='bbox 1594 1943 1705 2008; x_wconf 89' lang='lat' dir='ltr'><strong>Deusl</strong></span> <span class='ocrx_word' id='word_1_116' title='bbox 1767 1943 1844 2008; x_wconf 92' lang='lat' dir='ltr'><strong>Hoc</strong></span> 
     </span>
     <span class='ocr_line' id='line_1_14' title="bbox 490 2062 1845 2148; baseline 0.001 -20"><span class='ocrx_word' id='word_1_117' title='bbox 490 2085 579 2128; x_wconf 89' lang='lat' dir='ltr'><strong>anno</strong></span> <span class='ocrx_word' id='word_1_118' title='bbox 605 2065 666 2130; x_wconf 90' lang='lat' dir='ltr'><strong>Xti</strong></span> <span class='ocrx_word' id='word_1_119' title='bbox 692 2065 774 2147; x_wconf 88' lang='lat' dir='ltr'><strong>Jesu</strong></span> <span class='ocrx_word' id='word_1_120' title='bbox 799 2080 889 2148; x_wconf 87' lang='lat'>1457,</span> <span class='ocrx_word' id='word_1_121' title='bbox 913 2067 945 2128; x_wconf 94' lang='lat' dir='ltr'><strong>in</strong></span> <span class='ocrx_word' id='word_1_122' title='bbox 968 2086 1035 2147; x_wconf 89' lang='lat' dir='ltr'><strong>quo</strong></span> <span class='ocrx_word' id='word_1_123' title='bbox 1058 2062 1347 2146; x_wconf 83' lang='lat' dir='ltr'><strong>fecisti-plurimos</strong></span> <span class='ocrx_word' id='word_1_124' title='bbox 1376 2062 1527 2126; x_wconf 87' lang='lat' dir='ltr'><strong>homines</strong></span> <span class='ocrx_word' id='word_1_125' title='bbox 1554 2065 1637 2127; x_wconf 91' lang='lat' dir='ltr'><strong>mori</strong></span> <span class='ocrx_word' id='word_1_126' title='bbox 1660 2064 1696 2126; x_wconf 92' lang='lat' dir='ltr'><strong>in</strong></span> <span class='ocrx_word' id='word_1_127' title='bbox 1716 2063 1845 2147; x_wconf 82' lang='lat' dir='ltr'><strong>Anglia</strong></span> 
     </span>
     <span class='ocr_line' id='line_1_15' title="bbox 489 2183 1844 2270; baseline 0 -21"><span class='ocrx_word' id='word_1_128' title='bbox 489 2187 674 2250; x_wconf 86' lang='lat' dir='ltr'><strong>emittendo</strong></span> <span class='ocrx_word' id='word_1_129' title='bbox 702 2187 896 2269; x_wconf 83' lang='lat' dir='ltr'><strong>sanguinem</strong></span> <span class='ocrx_word' id='word_1_130' title='bbox 922 2207 982 2270; x_wconf 90' lang='lat' dir='ltr'><strong>per</strong></span> <span class='ocrx_word' id='word_1_131' title='bbox 1006 2207 1053 2263; x_wconf 93' lang='lat' dir='ltr'><strong>os,</strong></span> <span class='ocrx_word' id='word_1_132' title='bbox 1079 2205 1139 2268; x_wconf 90' lang='lat' dir='ltr'><strong>per</strong></span> <span class='ocrx_word' id='word_1_133' title='bbox 1168 2204 1271 2262; x_wconf 92' lang='lat' dir='ltr'><strong>nares,</strong></span> <span class='ocrx_word' id='word_1_134' title='bbox 1298 2203 1357 2266; x_wconf 89' lang='lat' dir='ltr'><strong>per</strong></span> <span class='ocrx_word' id='word_1_135' title='bbox 1385 2183 1508 2263; x_wconf 89' lang='lat' dir='ltr'><strong>oculos,</strong></span> <span class='ocrx_word' id='word_1_136' title='bbox 1531 2205 1590 2267; x_wconf 92' lang='lat' dir='ltr'><strong>per</strong></span> <span class='ocrx_word' id='word_1_137' title='bbox 1622 2206 1757 2268; x_wconf 88' lang='lat' dir='ltr'><strong>ungues,</strong></span> <span class='ocrx_word' id='word_1_138' title='bbox 1784 2205 1844 2268; x_wconf 91' lang='lat' dir='ltr'><strong>per</strong></span> 
     </span>
     <span class='ocr_line' id='line_1_16' title="bbox 487 2303 1843 2390; baseline 0.001 -22"><span class='ocrx_word' id='word_1_139' title='bbox 487 2306 667 2388; x_wconf 87' lang='lat' dir='ltr'><strong>juncturas,</strong></span> <span class='ocrx_word' id='word_1_140' title='bbox 694 2319 729 2371; x_wconf 91' lang='lat' dir='ltr'><strong>et</strong></span> <span class='ocrx_word' id='word_1_141' title='bbox 755 2327 814 2390; x_wconf 91' lang='lat' dir='ltr'><strong>per</strong></span> <span class='ocrx_word' id='word_1_142' title='bbox 836 2327 1010 2385; x_wconf 88' lang='lat' dir='ltr'><strong>secessum,</strong></span> <span class='ocrx_word' id='word_1_143' title='bbox 1036 2305 1162 2371; x_wconf 86' lang='lat' dir='ltr'><strong>scilicet</strong></span> <span class='ocrx_word' id='word_1_144' title='bbox 1185 2303 1218 2368; x_wconf 94' lang='lat' dir='ltr'><strong>in</strong></span> <span class='ocrx_word' id='word_1_145' title='bbox 1246 2304 1308 2368; x_wconf 91' lang='lat' dir='ltr'><strong>illis</strong></span> <span class='ocrx_word' id='word_1_146' title='bbox 1335 2304 1484 2386; x_wconf 91' lang='lat' dir='ltr'><strong>partibus</strong></span> <span class='ocrx_word' id='word_1_147' title='bbox 1507 2307 1651 2388; x_wconf 89' lang='lat' dir='ltr'><strong>corporis</strong></span> <span class='ocrx_word' id='word_1_148' title='bbox 1677 2327 1736 2390; x_wconf 92' lang='lat' dir='ltr'><strong>per</strong></span> <span class='ocrx_word' id='word_1_149' title='bbox 1760 2327 1843 2390; x_wconf 85' lang='lat' dir='ltr'><strong>quas</strong></span> 
     </span>
    </p>
   </div>
   <div class='ocr_carea' id='block_1_5' title="bbox 381 2425 1843 2510">
    <p class='ocr_par' dir='ltr' id='par_1_7' title="bbox 381 2425 1843 2510">
     <span class='ocr_line' id='line_1_17' title="bbox 381 2425 1843 2510; baseline -0.001 -16"><span class='ocrx_word' id='word_1_150' title='bbox 381 2433 385 2446; x_wconf 88' lang='lat'>&#39;</span> <span class='ocrx_word' id='word_1_151' title='bbox 489 2427 689 2494; x_wconf 87' lang='lat' dir='ltr'><strong>horribiliter</strong></span> <span class='ocrx_word' id='word_1_152' title='bbox 718 2425 827 2508; x_wconf 87' lang='lat' dir='ltr'><strong>jurare</strong></span> <span class='ocrx_word' id='word_1_153' title='bbox 860 2437 1115 2492; x_wconf 89' lang='lat' dir='ltr'><strong>consueverant:</strong></span> <span class='ocrx_word' id='word_1_154' title='bbox 1153 2426 1277 2490; x_wconf 87' lang='lat' dir='ltr'><strong>scilicet</strong></span> <span class='ocrx_word' id='word_1_155' title='bbox 1307 2447 1367 2508; x_wconf 90' lang='lat' dir='ltr'><strong>per</strong></span> <span class='ocrx_word' id='word_1_156' title='bbox 1395 2425 1508 2490; x_wconf 91' lang='lat' dir='ltr'><strong>oculos</strong></span> <span class='ocrx_word' id='word_1_157' title='bbox 1536 2425 1607 2505; x_wconf 92' lang='lat' dir='ltr'><strong>Xti‚</strong></span> <span class='ocrx_word' id='word_1_158' title='bbox 1637 2448 1696 2510; x_wconf 89' lang='lat' dir='ltr'><strong>per</strong></span> <span class='ocrx_word' id='word_1_159' title='bbox 1725 2426 1843 2510; x_wconf 83' lang='lat' dir='ltr'><strong>faciem</strong></span> 
     </span>
    </p>
   </div>
   <div class='ocr_carea' id='block_1_6' title="bbox 490 2546 1848 4318">
    <p class='ocr_par' dir='ltr' id='par_1_8' title="bbox 490 2546 1848 4318">
     <span class='ocr_line' id='line_1_18' title="bbox 491 2546 1845 2630; baseline 0.001 -20"><span class='ocrx_word' id='word_1_160' title='bbox 491 2547 564 2622; x_wconf 91' lang='lat' dir='ltr'><strong>Xti,</strong></span> <span class='ocrx_word' id='word_1_161' title='bbox 591 2567 650 2630; x_wconf 92' lang='lat' dir='ltr'><strong>per</strong></span> <span class='ocrx_word' id='word_1_162' title='bbox 679 2547 783 2611; x_wconf 89' lang='lat' dir='ltr'><strong>latera</strong></span> <span class='ocrx_word' id='word_1_163' title='bbox 813 2547 882 2626; x_wconf 90' lang='lat' dir='ltr'><strong>Xti,</strong></span> <span class='ocrx_word' id='word_1_164' title='bbox 908 2568 968 2630; x_wconf 90' lang='lat' dir='ltr'><strong>per</strong></span> <span class='ocrx_word' id='word_1_165' title='bbox 995 2547 1190 2630; x_wconf 87' lang='lat' dir='ltr'><strong>sanguinem</strong></span> <span class='ocrx_word' id='word_1_166' title='bbox 1218 2547 1287 2624; x_wconf 90' lang='lat' dir='ltr'><strong>Xti,</strong></span> <span class='ocrx_word' id='word_1_167' title='bbox 1312 2567 1371 2629; x_wconf 91' lang='lat' dir='ltr'><strong>per</strong></span> <span class='ocrx_word' id='word_1_168' title='bbox 1397 2566 1452 2610; x_wconf 88' lang='lat' dir='ltr'><strong>cor</strong></span> <span class='ocrx_word' id='word_1_169' title='bbox 1479 2546 1539 2610; x_wconf 92' lang='lat' dir='ltr'><strong>Xti</strong></span> <span class='ocrx_word' id='word_1_170' title='bbox 1565 2548 1758 2630; x_wconf 87' lang='lat' dir='ltr'><strong>preciosum,</strong></span> <span class='ocrx_word' id='word_1_171' title='bbox 1785 2567 1845 2630; x_wconf 87' lang='lat' dir='ltr'><strong>per</strong></span> 
     </span>
     <span class='ocr_line' id='line_1_19' title="bbox 492 2666 1845 2749; baseline 0.001 -19"><span class='ocrx_word' id='word_1_172' title='bbox 492 2666 602 2730; x_wconf 91' lang='lat' dir='ltr'><strong>clavos</strong></span> <span class='ocrx_word' id='word_1_173' title='bbox 629 2667 688 2730; x_wconf 89' lang='lat' dir='ltr'><strong>Xti</strong></span> <span class='ocrx_word' id='word_1_174' title='bbox 716 2668 748 2729; x_wconf 95' lang='lat' dir='ltr'><strong>in</strong></span> <span class='ocrx_word' id='word_1_175' title='bbox 775 2668 842 2730; x_wconf 93' lang='lat' dir='ltr'><strong>suis</strong></span> <span class='ocrx_word' id='word_1_176' title='bbox 869 2667 1022 2731; x_wconf 91' lang='lat' dir='ltr'><strong>manibus</strong></span> <span class='ocrx_word' id='word_1_177' title='bbox 1048 2677 1082 2732; x_wconf 90' lang='lat' dir='ltr'><strong>et</strong></span> <span class='ocrx_word' id='word_1_178' title='bbox 1108 2667 1268 2749; x_wconf 83' lang='lat' dir='ltr'><strong>pedibus3</strong></span> <span class='ocrx_word' id='word_1_179' title='bbox 1305 2667 1338 2729; x_wconf 92' lang='lat' dir='ltr'><strong>in</strong></span> <span class='ocrx_word' id='word_1_180' title='bbox 1365 2667 1485 2749; x_wconf 87' lang='lat' dir='ltr'><strong>quibus</strong></span> <span class='ocrx_word' id='word_1_181' title='bbox 1514 2667 1664 2749; x_wconf 88' lang='lat' dir='ltr'><strong>partibus</strong></span> <span class='ocrx_word' id='word_1_182' title='bbox 1692 2668 1845 2732; x_wconf 89' lang='lat' dir='ltr'><strong>homines</strong></span> 
     </span>
     <span class='ocr_line' id='line_1_20' title="bbox 490 2785 1843 2873; baseline 0.002 -24"><span class='ocrx_word' id='word_1_183' title='bbox 490 2785 624 2873; x_wconf 91' lang='lat' dir='ltr'><strong>plurimi</strong></span> <span class='ocrx_word' id='word_1_184' title='bbox 654 2795 726 2851; x_wconf 92' lang='lat' dir='ltr'><strong>tum</strong></span> <span class='ocrx_word' id='word_1_185' title='bbox 757 2787 814 2851; x_wconf 93' lang='lat' dir='ltr'><strong>illo</strong></span> <span class='ocrx_word' id='word_1_186' title='bbox 844 2808 930 2852; x_wconf 91' lang='lat' dir='ltr'><strong>anno</strong></span> <span class='ocrx_word' id='word_1_187' title='bbox 961 2788 1135 2852; x_wconf 85' lang='lat' dir='ltr'><strong>dominicae</strong></span> <span class='ocrx_word' id='word_1_188' title='bbox 1166 2787 1401 2852; x_wconf 89' lang='lat' dir='ltr'><strong>incarnacionis</strong></span> <span class='ocrx_word' id='word_1_189' title='bbox 1431 2788 1625 2869; x_wconf 85' lang='lat' dir='ltr'><strong>sanguinem</strong></span> <span class='ocrx_word' id='word_1_190' title='bbox 1655 2789 1843 2864; x_wconf 87' lang='lat' dir='ltr'><strong>emiserunt,</strong></span> 
     </span>
     <span class='ocr_line' id='line_1_21' title="bbox 492 2907 1844 2991; baseline 0.002 -21"><span class='ocrx_word' id='word_1_191' title='bbox 492 2917 530 2970; x_wconf 90' lang='lat' dir='ltr'><strong>ut</strong></span> <span class='ocrx_word' id='word_1_192' title='bbox 553 2917 735 2990; x_wconf 83' lang='lat' dir='ltr'><strong>egoautor</strong></span> <span class='ocrx_word' id='word_1_193' title='bbox 756 2907 854 2990; x_wconf 89' lang='lat' dir='ltr'><strong>hujus</strong></span> <span class='ocrx_word' id='word_1_194' title='bbox 875 2909 958 2986; x_wconf 91' lang='lat' dir='ltr'><strong>libri,</strong></span> <span class='ocrx_word' id='word_1_195' title='bbox 980 2929 1039 2972; x_wconf 90' lang='lat' dir='ltr'><strong>seu</strong></span> <span class='ocrx_word' id='word_1_196' title='bbox 1062 2909 1183 2991; x_wconf 92' lang='lat' dir='ltr'><strong>scripti,</strong></span> <span class='ocrx_word' id='word_1_197' title='bbox 1206 2907 1249 2972; x_wconf 90' lang='lat' dir='ltr'><strong>de</strong></span> <span class='ocrx_word' id='word_1_198' title='bbox 1271 2907 1464 2972; x_wconf 87' lang='lat' dir='ltr'><strong>veritatibus</strong></span> <span class='ocrx_word' id='word_1_199' title='bbox 1486 2907 1640 2987; x_wconf 89' lang='lat' dir='ltr'><strong>collectis,</strong></span> <span class='ocrx_word' id='word_1_200' title='bbox 1661 2911 1844 2973; x_wconf 89' lang='lat' dir='ltr'><strong>secundum</strong></span> 
     </span>
     <span class='ocr_line' id='line_1_22' title="bbox 490 3027 1845 3112; baseline 0.001 -20"><span class='ocrx_word' id='word_1_201' title='bbox 490 3027 635 3092; x_wconf 87' lang='lat' dir='ltr'><strong>sormam</strong></span> <span class='ocrx_word' id='word_1_202' title='bbox 657 3027 789 3106; x_wconf 85' lang='lat' dir='ltr'><strong>tabulae,</strong></span> <span class='ocrx_word' id='word_1_203' title='bbox 809 3029 884 3092; x_wconf 93' lang='lat' dir='ltr'><strong>novi</strong></span> <span class='ocrx_word' id='word_1_204' title='bbox 907 3038 940 3093; x_wconf 91' lang='lat' dir='ltr'><strong>et</strong></span> <span class='ocrx_word' id='word_1_205' title='bbox 963 3049 1023 3112; x_wconf 93' lang='lat' dir='ltr'><strong>pro</strong></span> <span class='ocrx_word' id='word_1_206' title='bbox 1048 3030 1205 3092; x_wconf 91' lang='lat' dir='ltr'><strong>memoria</strong></span> <span class='ocrx_word' id='word_1_207' title='bbox 1224 3028 1407 3093; x_wconf 89' lang='lat' dir='ltr'><strong>futurorum</strong></span> <span class='ocrx_word' id='word_1_208' title='bbox 1430 3028 1502 3093; x_wconf 87' lang='lat' dir='ltr'><strong>haec</strong></span> <span class='ocrx_word' id='word_1_209' title='bbox 1524 3029 1657 3112; x_wconf 84' lang='lat' dir='ltr'><strong>scn&#39;psi3</strong></span> <span class='ocrx_word' id='word_1_210' title='bbox 1687 3039 1723 3094; x_wconf 86' lang='lat' dir='ltr'><strong>et</strong></span> <span class='ocrx_word' id='word_1_211' title='bbox 1745 3030 1845 3094; x_wconf 92' lang='lat' dir='ltr'><strong>credo</strong></span> 
     </span>
     <span class='ocr_line' id='line_1_23' title="bbox 492 3147 1846 3233; baseline 0.001 -21"><span class='ocrx_word' id='word_1_212' title='bbox 492 3147 636 3226; x_wconf 91' lang='lat' dir='ltr'><strong>firmiter,</strong></span> <span class='ocrx_word' id='word_1_213' title='bbox 659 3149 748 3230; x_wconf 93' lang='lat' dir='ltr'><strong>quod</strong></span> <span class='ocrx_word' id='word_1_214' title='bbox 772 3169 894 3232; x_wconf 88' lang='lat' dir='ltr'><strong>magna</strong></span> <span class='ocrx_word' id='word_1_215' title='bbox 916 3149 962 3212; x_wconf 88' lang='lat' dir='ltr'><strong>ira</strong></span> <span class='ocrx_word' id='word_1_216' title='bbox 985 3150 1048 3213; x_wconf 90' lang='lat' dir='ltr'><strong>Dei</strong></span> <span class='ocrx_word' id='word_1_217' title='bbox 1072 3150 1223 3214; x_wconf 90' lang='lat' dir='ltr'><strong>imminet</strong></span> <span class='ocrx_word' id='word_1_218' title='bbox 1246 3170 1344 3233; x_wconf 91' lang='lat' dir='ltr'><strong>super</strong></span> <span class='ocrx_word' id='word_1_219' title='bbox 1366 3149 1475 3231; x_wconf 88' lang='lat' dir='ltr'><strong>capita</strong></span> <span class='ocrx_word' id='word_1_220' title='bbox 1498 3147 1599 3231; x_wconf 90' lang='lat' dir='ltr'><strong>plura,</strong></span> <span class='ocrx_word' id='word_1_221' title='bbox 1621 3170 1680 3214; x_wconf 92' lang='lat' dir='ltr'><strong>seu</strong></span> <span class='ocrx_word' id='word_1_222' title='bbox 1702 3159 1846 3215; x_wconf 88' lang='lat' dir='ltr'><strong>rectores</strong></span> 
     </span>
     <span class='ocr_line' id='line_1_24' title="bbox 492 3268 1846 3354; baseline 0.003 -23"><span class='ocrx_word' id='word_1_223' title='bbox 492 3268 603 3351; x_wconf 92' lang='lat' dir='ltr'><strong>plures</strong></span> <span class='ocrx_word' id='word_1_224' title='bbox 633 3269 666 3332; x_wconf 94' lang='lat' dir='ltr'><strong>in</strong></span> <span class='ocrx_word' id='word_1_225' title='bbox 701 3268 825 3352; x_wconf 91' lang='lat' dir='ltr'><strong>populo</strong></span> <span class='ocrx_word' id='word_1_226' title='bbox 855 3269 928 3348; x_wconf 91' lang='lat' dir='ltr'><strong>Dei,</strong></span> <span class='ocrx_word' id='word_1_227' title='bbox 962 3270 1018 3352; x_wconf 91' lang='lat' dir='ltr'><strong>qui</strong></span> <span class='ocrx_word' id='word_1_228' title='bbox 1050 3280 1177 3352; x_wconf 92' lang='lat' dir='ltr'><strong>ponunt</strong></span> <span class='ocrx_word' id='word_1_229' title='bbox 1206 3269 1350 3336; x_wconf 82' lang='lat' dir='ltr'><strong>festucas</strong></span> <span class='ocrx_word' id='word_1_230' title='bbox 1380 3270 1414 3333; x_wconf 91' lang='lat' dir='ltr'><strong>in</strong></span> <span class='ocrx_word' id='word_1_231' title='bbox 1444 3269 1568 3353; x_wconf 91' lang='lat' dir='ltr'><strong>populo</strong></span> <span class='ocrx_word' id='word_1_232' title='bbox 1599 3271 1655 3333; x_wconf 91' lang='lat' dir='ltr'><strong>ubi</strong></span> <span class='ocrx_word' id='word_1_233' title='bbox 1684 3279 1846 3354; x_wconf 90' lang='lat' dir='ltr'><strong>ponerent</strong></span> 
     </span>
     <span class='ocr_line' id='line_1_25' title="bbox 492 3388 1847 3474; baseline 0.003 -22"><span class='ocrx_word' id='word_1_234' title='bbox 492 3388 687 3472; x_wconf 88' lang='lat' dir='ltr'><strong>columpnas</strong></span> <span class='ocrx_word' id='word_1_235' title='bbox 726 3389 818 3454; x_wconf 89' lang='lat' dir='ltr'><strong>vivas</strong></span> <span class='ocrx_word' id='word_1_236' title='bbox 855 3391 889 3452; x_wconf 93' lang='lat' dir='ltr'><strong>in</strong></span> <span class='ocrx_word' id='word_1_237' title='bbox 930 3390 1087 3473; x_wconf 84' lang='lat' dir='ltr'><strong>regimine</strong></span> <span class='ocrx_word' id='word_1_238' title='bbox 1122 3391 1306 3455; x_wconf 88' lang='lat' dir='ltr'><strong>animarum</strong></span> <span class='ocrx_word' id='word_1_239' title='bbox 1345 3400 1380 3455; x_wconf 91' lang='lat' dir='ltr'><strong>et</strong></span> <span class='ocrx_word' id='word_1_240' title='bbox 1423 3390 1537 3474; x_wconf 89' lang='lat' dir='ltr'><strong>populi</strong></span> <span class='ocrx_word' id='word_1_241' title='bbox 1578 3389 1669 3469; x_wconf 85' lang='lat' dir='ltr'><strong>Dei3</strong></span> <span class='ocrx_word' id='word_1_242' title='bbox 1718 3401 1847 3474; x_wconf 89' lang='lat' dir='ltr'><strong>ponunt</strong></span> 
     </span>
     <span class='ocr_line' id='line_1_26' title="bbox 493 3509 1846 3595; baseline 0.001 -21"><span class='ocrx_word' id='word_1_243' title='bbox 493 3509 582 3574; x_wconf 89' lang='lat' dir='ltr'><strong>enim</strong></span> <span class='ocrx_word' id='word_1_244' title='bbox 605 3530 723 3591; x_wconf 91' lang='lat' dir='ltr'><strong>pueros</strong></span> <span class='ocrx_word' id='word_1_245' title='bbox 746 3509 779 3572; x_wconf 92' lang='lat' dir='ltr'><strong>in</strong></span> <span class='ocrx_word' id='word_1_246' title='bbox 802 3509 956 3589; x_wconf 89' lang='lat' dir='ltr'><strong>ecclesiis,</strong></span> <span class='ocrx_word' id='word_1_247' title='bbox 974 3511 1008 3574; x_wconf 93' lang='lat' dir='ltr'><strong>in</strong></span> <span class='ocrx_word' id='word_1_248' title='bbox 1032 3511 1225 3593; x_wconf 73' lang='lat' dir='ltr'><strong>praebendis,</strong></span> <span class='ocrx_word' id='word_1_249' title='bbox 1244 3512 1277 3575; x_wconf 93' lang='lat' dir='ltr'><strong>in</strong></span> <span class='ocrx_word' id='word_1_250' title='bbox 1297 3512 1521 3595; x_wconf 84' lang='lat' dir='ltr'><strong>dignitatibus,</strong></span> <span class='ocrx_word' id='word_1_251' title='bbox 1541 3521 1575 3575; x_wconf 88' lang='lat' dir='ltr'><strong>et</strong></span> <span class='ocrx_word' id='word_1_252' title='bbox 1596 3513 1629 3574; x_wconf 91' lang='lat' dir='ltr'><strong>in</strong></span> <span class='ocrx_word' id='word_1_253' title='bbox 1652 3511 1846 3595; x_wconf 90' lang='lat' dir='ltr'><strong>episcopati·</strong></span> 
     </span>
     <span class='ocr_line' id='line_1_27' title="bbox 492 3628 1847 3714; baseline 0.004 -22"><span class='ocrx_word' id='word_1_254' title='bbox 492 3629 563 3706; x_wconf 92' lang='lat' dir='ltr'><strong>bus,</strong></span> <span class='ocrx_word' id='word_1_255' title='bbox 587 3628 642 3694; x_wconf 90' lang='lat' dir='ltr'><strong>ubi</strong></span> <span class='ocrx_word' id='word_1_256' title='bbox 666 3639 825 3711; x_wconf 90' lang='lat' dir='ltr'><strong>ponerent</strong></span> <span class='ocrx_word' id='word_1_257' title='bbox 844 3631 930 3694; x_wconf 92' lang='lat' dir='ltr'><strong>viros</strong></span> <span class='ocrx_word' id='word_1_258' title='bbox 952 3629 1093 3694; x_wconf 88' lang='lat' dir='ltr'><strong>eximios</strong></span> <span class='ocrx_word' id='word_1_259' title='bbox 1116 3633 1255 3696; x_wconf 88' lang='lat' dir='ltr'><strong>scientes</strong></span> <span class='ocrx_word' id='word_1_260' title='bbox 1278 3642 1312 3696; x_wconf 92' lang='lat' dir='ltr'><strong>et</strong></span> <span class='ocrx_word' id='word_1_261' title='bbox 1335 3633 1483 3708; x_wconf 90' lang='lat' dir='ltr'><strong>devotos,</strong></span> <span class='ocrx_word' id='word_1_262' title='bbox 1508 3641 1541 3695; x_wconf 92' lang='lat' dir='ltr'><strong>et</strong></span> <span class='ocrx_word' id='word_1_263' title='bbox 1564 3652 1651 3714; x_wconf 90' lang='lat' dir='ltr'><strong>papa</strong></span> <span class='ocrx_word' id='word_1_264' title='bbox 1675 3632 1847 3697; x_wconf 93' lang='lat' dir='ltr'><strong>Romanus</strong></span> 
     </span>
     <span class='ocr_line' id='line_1_28' title="bbox 493 3749 1847 3835; baseline 0.004 -23"><span class='ocrx_word' id='word_1_265' title='bbox 493 3749 646 3813; x_wconf 89' lang='lat' dir='ltr'><strong>licenciat</strong></span> <span class='ocrx_word' id='word_1_266' title='bbox 669 3769 734 3828; x_wconf 91' lang='lat' dir='ltr'><strong>eos,</strong></span> <span class='ocrx_word' id='word_1_267' title='bbox 757 3759 794 3812; x_wconf 91' lang='lat' dir='ltr'><strong>ut</strong></span> <span class='ocrx_word' id='word_1_268' title='bbox 817 3751 900 3829; x_wconf 92' lang='lat' dir='ltr'><strong>novi,</strong></span> <span class='ocrx_word' id='word_1_269' title='bbox 922 3751 966 3814; x_wconf 90' lang='lat' dir='ltr'><strong>ad</strong></span> <span class='ocrx_word' id='word_1_270' title='bbox 990 3751 1181 3815; x_wconf 90' lang='lat' dir='ltr'><strong>habendum</strong></span> <span class='ocrx_word' id='word_1_271' title='bbox 1205 3752 1336 3832; x_wconf 80' lang='lat' dir='ltr'><strong>fructus,</strong></span> <span class='ocrx_word' id='word_1_272' title='bbox 1359 3763 1392 3817; x_wconf 91' lang='lat' dir='ltr'><strong>et</strong></span> <span class='ocrx_word' id='word_1_273' title='bbox 1415 3754 1458 3816; x_wconf 88' lang='lat' dir='ltr'><strong>ad</strong></span> <span class='ocrx_word' id='word_1_274' title='bbox 1481 3753 1708 3835; x_wconf 90' lang='lat' dir='ltr'><strong>percipiendas</strong></span> <span class='ocrx_word' id='word_1_275' title='bbox 1730 3774 1847 3818; x_wconf 86' lang='lat' dir='ltr'><strong>omnes</strong></span> 
     </span>
     <span class='ocr_line' id='line_1_29' title="bbox 492 3869 1848 3958; baseline 0.004 -25"><span class='ocrx_word' id='word_1_276' title='bbox 492 3869 649 3953; x_wconf 90' lang='lat' dir='ltr'><strong>pecunias</strong></span> <span class='ocrx_word' id='word_1_277' title='bbox 673 3870 890 3953; x_wconf 89' lang='lat' dir='ltr'><strong>episcopatus,</strong></span> <span class='ocrx_word' id='word_1_278' title='bbox 914 3871 960 3935; x_wconf 91' lang='lat' dir='ltr'><strong>sic</strong></span> <span class='ocrx_word' id='word_1_279' title='bbox 983 3880 1054 3934; x_wconf 91' lang='lat' dir='ltr'><strong>tum</strong></span> <span class='ocrx_word' id='word_1_280' title='bbox 1078 3874 1167 3954; x_wconf 92' lang='lat' dir='ltr'><strong>quod</strong></span> <span class='ocrx_word' id='word_1_281' title='bbox 1195 3872 1256 3955; x_wconf 91' lang='lat' dir='ltr'><strong>ipsi</strong></span> <span class='ocrx_word' id='word_1_282' title='bbox 1279 3894 1345 3937; x_wconf 93' lang='lat' dir='ltr'><strong>non</strong></span> <span class='ocrx_word' id='word_1_283' title='bbox 1371 3884 1639 3939; x_wconf 89' lang='lat' dir='ltr'><strong>consecrarentur</strong></span> <span class='ocrx_word' id='word_1_284' title='bbox 1665 3874 1699 3937; x_wconf 92' lang='lat' dir='ltr'><strong>in</strong></span> <span class='ocrx_word' id='word_1_285' title='bbox 1721 3875 1848 3958; x_wconf 87' lang='lat' dir='ltr'><strong>episco-</strong></span> 
     </span>
     <span class='ocr_line' id='line_1_30' title="bbox 493 3989 1845 4078; baseline 0.005 -26"><span class='ocrx_word' id='word_1_286' title='bbox 493 4011 574 4072; x_wconf 91' lang='lat' dir='ltr'><strong>pum</strong></span> <span class='ocrx_word' id='word_1_287' title='bbox 597 3989 682 4053; x_wconf 91' lang='lat' dir='ltr'><strong>illius</strong></span> <span class='ocrx_word' id='word_1_288' title='bbox 705 3991 913 4074; x_wconf 87' lang='lat' dir='ltr'><strong>episcopatus</strong></span> <span class='ocrx_word' id='word_1_289' title='bbox 938 4012 997 4076; x_wconf 91' lang='lat' dir='ltr'><strong>per</strong></span> <span class='ocrx_word' id='word_1_290' title='bbox 1019 3999 1066 4069; x_wconf 80' lang='lat'><strong>4⁰¹</strong></span> <span class='ocrx_word' id='word_1_291' title='bbox 1088 4012 1192 4056; x_wconf 93' lang='lat' dir='ltr'><strong>annos</strong></span> <span class='ocrx_word' id='word_1_292' title='bbox 1213 3993 1266 4058; x_wconf 90' lang='lat' dir='ltr'><strong>vel</strong></span> <span class='ocrx_word' id='word_1_293' title='bbox 1289 3994 1439 4078; x_wconf 90' lang='lat' dir='ltr'><strong>amplius.</strong></span> <span class='ocrx_word' id='word_1_294' title='bbox 1494 3994 1592 4058; x_wconf 83' lang='lat' dir='ltr'><strong>Heu!</strong></span> <span class='ocrx_word' id='word_1_295' title='bbox 1625 3995 1722 4058; x_wconf 89' lang='lat' dir='ltr'><strong>Heu!</strong></span> <span class='ocrx_word' id='word_1_296' title='bbox 1755 3997 1845 4078; x_wconf 93' lang='lat' dir='ltr'><strong>quod</strong></span> 
     </span>
     <span class='ocr_line' id='line_1_31' title="bbox 491 4107 1845 4200; baseline 0.006 -28"><span class='ocrx_word' id='word_1_297' title='bbox 491 4107 557 4174; x_wconf 93' lang='lat' dir='ltr'><strong>hoc</strong></span> <span class='ocrx_word' id='word_1_298' title='bbox 585 4129 749 4174; x_wconf 87' lang='lat' dir='ltr'><strong>venenum</strong></span> <span class='ocrx_word' id='word_1_299' title='bbox 780 4131 846 4174; x_wconf 93' lang='lat' dir='ltr'><strong>non</strong></span> <span class='ocrx_word' id='word_1_300' title='bbox 876 4110 984 4174; x_wconf 94' lang='lat' dir='ltr'><strong>solum</strong></span> <span class='ocrx_word' id='word_1_301' title='bbox 1014 4113 1148 4175; x_wconf 91' lang='lat' dir='ltr'><strong>intravit</strong></span> <span class='ocrx_word' id='word_1_302' title='bbox 1180 4112 1214 4176; x_wconf 93' lang='lat' dir='ltr'><strong>in</strong></span> <span class='ocrx_word' id='word_1_303' title='bbox 1245 4114 1389 4178; x_wconf 94' lang='lat' dir='ltr'><strong>Romam</strong></span> <span class='ocrx_word' id='word_1_304' title='bbox 1422 4115 1534 4198; x_wconf 91' lang='lat' dir='ltr'><strong>nepoti</strong></span> <span class='ocrx_word' id='word_1_305' title='bbox 1566 4115 1687 4180; x_wconf 90' lang='lat' dir='ltr'><strong>Kalisti</strong></span> <span class='ocrx_word' id='word_1_306' title='bbox 1718 4115 1757 4200; x_wconf 78' lang='lat'><strong>3¹,</strong></span> <span class='ocrx_word' id='word_1_307' title='bbox 1787 4117 1845 4180; x_wconf 90' lang='lat' dir='ltr'><strong>sed</strong></span> 
     </span>
     <span class='ocr_line' id='line_1_32' title="bbox 494 4229 1844 4318; baseline 0.009 -28"><span class='ocrx_word' id='word_1_308' title='bbox 494 4229 597 4292; x_wconf 91' lang='lat' dir='ltr'><strong>eciam</strong></span> <span class='ocrx_word' id='word_1_309' title='bbox 623 4231 655 4292; x_wconf 94' lang='lat' dir='ltr'><strong>in</strong></span> <span class='ocrx_word' id='word_1_310' title='bbox 681 4231 805 4294; x_wconf 91' lang='lat' dir='ltr'><strong>malum</strong></span> <span class='ocrx_word' id='word_1_311' title='bbox 830 4231 1022 4313; x_wconf 86' lang='lat' dir='ltr'><strong>exemplum</strong></span> <span class='ocrx_word' id='word_1_312' title='bbox 1048 4235 1190 4314; x_wconf 89' lang='lat' dir='ltr'><strong>posteris</strong></span> <span class='ocrx_word' id='word_1_313' title='bbox 1214 4235 1347 4298; x_wconf 91' lang='lat' dir='ltr'><strong>intravit</strong></span> <span class='ocrx_word' id='word_1_314' title='bbox 1374 4237 1405 4298; x_wconf 93' lang='lat' dir='ltr'><strong>in</strong></span> <span class='ocrx_word' id='word_1_315' title='bbox 1429 4236 1589 4318; x_wconf 85' lang='lat' dir='ltr'><strong>Angliam</strong></span> <span class='ocrx_word' id='word_1_316' title='bbox 1612 4239 1697 4300; x_wconf 91' lang='lat' dir='ltr'><strong>circa</strong></span> <span class='ocrx_word' id='word_1_317' title='bbox 1723 4257 1844 4302; x_wconf 91' lang='lat' dir='ltr'><strong>annum</strong></span> 
     </span>
    </p>
   </div>
   <div class='ocr_carea' id='block_1_7' title="bbox 0 0 2186 4936">
    <p class='ocr_par' dir='ltr' id='par_1_9' title="bbox 0 0 2186 4936">
     <span class='ocr_line' id='line_1_33' title="bbox 0 0 2186 4936; baseline 0 0"><span class='ocrx_word' id='word_1_318' title='bbox 0 0 2186 4936; x_wconf 95' lang='lat' dir='ltr'><strong> </strong></span> 
     </span>
    </p>
   </div>
  </div>
 </body>
</html>
