4378 4936
489 371 549 436 108
861 381 961 436 LOCI
985 383 1015 435 E
1043 383 1168 439 LIBRO
1203 383 1460 442 VERITATUM.

485 597 621 679 paucis;
651 617 711 679 per
735 595 815 660 talia
840 597 927 663 enirn
952 598 1041 662 bona
1062 598 1148 664 bene
1172 599 1363 682 dispensata
1388 620 1447 682 per
1469 600 1594 664 bonum
1621 607 1655 664 et
1677 597 1836 674 scientem

485 727 647 783 rectorem
673 717 769 800 plura
794 717 882 782 mala
903 719 1124 798 destruuntur,
1142 729 1176 786 et
1198 719 1293 802 plura
1315 721 1403 786 bona
1424 720 1517 798 fiunt,
1539 720 1572 782 in
1594 719 1742 802 pluribus
1764 741 1838 802 per·

486 839 575 902 sonis
602 847 636 902 et
662 839 881 902 communiter
904 839 937 902 in
962 840 1150 922 quingentis
1174 841 1330 923 personis,
1353 862 1411 906 seu
1440 838 1657 923 parochianis,
1680 849 1714 906 et
1740 840 1836 912 ultra,

486 969 520 1023 et
543 958 628 1024 sorte
652 980 718 1023 non
738 968 816 1023 sunt
839 960 1057 1041 quadraginta
1080 981 1230 1044 personae
1252 961 1285 1026 in
1307 960 1381 1026 loco
1403 960 1460 1026 illo
1483 961 1534 1025 cui
1558 959 1695 1029 ecclesia
1718 981 1836 1043 appro-

485 1079 618 1163 priatur,
644 1089 678 1144 et
700 1099 789 1161 saepe
810 1078 942 1146 videtur
963 1081 1053 1162 quod
1076 1081 1159 1147 tales
1181 1082 1276 1164 pauci
1299 1091 1392 1146 actus
1414 1081 1499 1148 fiunt
1521 1101 1580 1164 per
1601 1081 1691 1163 ipsos
1716 1080 1836 1163 quibus

484 1200 632 1265 ecclesiae
658 1201 704 1264 sic
734 1199 995 1282 appropriantur,
1018 1209 1053 1265 et
1082 1203 1116 1265 in
1142 1202 1256 1285 paucis
1278 1202 1425 1284 personis
1454 1203 1488 1266 in
1514 1201 1764 1284 comparacione
1792 1201 1836 1270 ad

485 1341 601 1386 omncs
626 1320 844 1403 parochianos
866 1331 900 1386 et
922 1321 1004 1386 alios
1027 1321 1060 1386 in
1081 1323 1200 1405 quibus
1222 1331 1317 1388 actus
1339 1322 1465 1386 fierent.
1509 1322 1609 1386 Tales
1632 1343 1698 1386 non
1717 1321 1836 1404 praedi-

485 1452 562 1507 cant
591 1442 806 1525 parochianis,
833 1463 893 1508 nec
925 1454 1133 1510 sacramenta
1163 1445 1226 1508 illis
1260 1445 1456 1522 ministrant,
1486 1465 1545 1508 nec
1575 1443 1836 1526 hospitalitatem

484 1563 531 1627 eis
561 1563 731 1638 exhibent,
759 1583 819 1628 nec
848 1563 943 1646 plura
972 1563 1038 1629 alia
1068 1566 1249 1632 necessaria
1279 1566 1326 1628 eis
1356 1563 1537 1648 spiritualia
1567 1573 1600 1628 et
1630 1562 1835 1646 temporalia,

483 1684 574 1747 unde
596 1684 685 1748 bona
715 1693 749 1748 et
778 1703 894 1748 omnes
923 1684 1062 1748 decimae
1088 1685 1234 1750 ecclesiae
1260 1685 1439 1768 parochiali
1469 1705 1610 1750 annexae
1639 1684 1754 1766 pocius
1777 1684 1836 1747 da·

483 1813 597 1868 rentur
616 1803 733 1868 rectori
755 1803 1027 1886 parochianorum
1046 1826 1147 1888 quam
1162 1806 1451 1890 appropriarentur
1467 1805 1548 1883 aliis,
1564 1813 1598 1868 et
1614 1804 1679 1870 hoc
1701 1812 1836 1886 propter

482 1923 593 2009 plures
614 1945 736 1989 causas.
774 1925 889 1989 Unum
917 1935 976 2004 est,
996 1927 1074 2008 quia
1096 1948 1116 1990 a
1140 1927 1214 1994 Deo
1237 1927 1425 1992 institutum
1447 1926 1508 1990 luit
1531 1934 1564 1990 et
1586 1945 1645 2009 per
1666 1923 1836 2008 apostolos

483 2045 738 2129 promulgatum,
753 2054 790 2109 ut
813 2047 868 2129 qui
891 2046 987 2112 altari
1009 2046 1085 2112 huic
1108 2049 1216 2123 servit,
1233 2050 1275 2112 de
1297 2048 1419 2114 debitis
1443 2056 1477 2112 et
1499 2045 1620 2112 oblatis
1641 2045 1717 2110 huic
1739 2044 1834 2110 altari

481 2166 580 2246 vivat,
603 2167 692 2231 unde
722 2167 892 2249 apostolus
921 2168 1148 2232 sanctissimus
1175 2169 1296 2232 Paulus
1326 2169 1421 2246 dixit,
1448 2178 1482 2232 et
1511 2166 1677 2250 praecepit,
1699 2175 1737 2230 ut
1759 2165 1834 2248 ‘qui

482 2286 578 2351 altari
596 2287 696 2351 servit
715 2287 758 2352 de
775 2287 870 2352 altari
889 2285 997 2366 vivat,’
1013 2289 1034 2352 i.
1043 2309 1071 2352 e.
1087 2290 1130 2354 de
1145 2288 1386 2372 pertinentibus
1402 2309 1445 2354 ex
1462 2287 1535 2370 jure
1550 2286 1661 2351 divino
1679 2285 1835 2350 ministris

482 2406 570 2471 illius
592 2407 725 2484 altaris3
749 2417 783 2472 et
804 2407 1080 2473 considerandum
1096 2420 1146 2475 est
1162 2411 1252 2492 quod
1268 2409 1439 2492 apostolus
1462 2428 1528 2474 non
1544 2407 1633 2486 dicit,
1649 2405 1716 2490 Qui
1736 2406 1835 2472 servit

482 2549 543 2610 pro
565 2528 661 2592 altari
683 2528 774 2591 vivat
796 2529 839 2592 de
864 2527 968 2607 altari,
989 2530 1048 2593 sed
1071 2530 1168 2606 dixit,
1192 2530 1277 2613 ‘Qui
1300 2531 1400 2596 servit
1422 2529 1517 2596 altari
1540 2529 1583 2593 de
1605 2527 1701 2594 altari
1726 2523 1835 2604 vivat,’

483 2650 503 2713 i.
519 2670 547 2712 e.
572 2647 629 2730 qui
651 2647 754 2712 habet
776 2668 888 2712 curam
910 2615 1084 2716 hominurn
1114 2650 1238 2716 habeat
1264 2651 1307 2716 de
1329 2651 1393 2716 illis
1426 2650 1482 2733 qui
1509 2649 1556 2712 illi
1586 2648 1733 2722 offerent,
1757 2647 1835 2730 quia

483 2768 600 2833 melius
623 2777 675 2833 est
696 2767 904 2850 parochianis
927 2779 964 2834 ut
986 2771 1065 2834 boni
1092 2781 1186 2836 actus
1208 2772 1291 2838 fiant
1313 2771 1368 2850 eis,
1390 2791 1490 2853 quarn
1513 2790 1574 2853 pro
1602 2769 1658 2846 eis,
1682 2787 1727 2834 sc.
1751 2787 1835 2850 prae·

481 2889 617 2965 dicaci0,
637 2887 855 2972 hospitalitas,
870 2891 989 2967 oracio,
1013 2912 1075 2974 pro
1097 2891 1143 2955 eis
1168 2902 1201 2956 et
1224 2913 1335 2956 coram
1360 2892 1415 2968 eis,
1434 2900 1471 2955 ut
1497 2890 1604 2970 magis
1629 2909 1741 2954 coram
1760 2889 1835 2952 Deo

481 3013 515 3074 in
545 3031 657 3074 amore
687 3011 758 3093 ejus
786 3014 1017 3091 accendantur,
1047 3024 1081 3078 et
1111 3014 1237 3078 bonum
1268 3012 1460 3096 exemplum
1491 3021 1525 3077 et
1551 3009 1733 3089 consilium,
1759 3030 1835 3092 quae

481 3132 594 3196 omnia
613 3142 752 3215 pereunt
776 3154 836 3216 per
859 3135 1013 3198 miseram
1035 3135 1352 3218 appropriacionem.
1402 3134 1513 3211 Unde,
1540 3133 1618 3216 quia
1642 3151 1664 3196 a
1686 3131 1761 3194 Deo
1784 3131 1834 3196 in·

480 3253 633 3319 stitutum
649 3253 719 3333 luit,
735 3255 811 3319 ideo
831 3256 969 3320 decimae
992 3258 1149 3322 darentur
1168 3265 1290 3335 curato,
1306 3256 1362 3338 qui
1382 3256 1483 3320 habet
1505 3275 1618 3320 curam
1637 3252 1834 3319 animarum.

482 3375 578 3453 Item,
604 3375 722 3439 melius
747 3386 797 3440 est
823 3386 860 3440 ut
886 3376 952 3440 alia
976 3377 1064 3442 bona
1091 3377 1173 3442 fiant
1198 3376 1405 3461 parochianis
1431 3377 1464 3438 in
1490 3385 1596 3442 semet
1621 3374 1709 3456 ipsis,
1732 3393 1834 3456 quarn

481 3516 542 3579 pro
568 3496 656 3579 ipsis
703 3497 862 3562 Rectores
889 3498 977 3562 enirn
1011 3499 1089 3562 boni
1120 3521 1179 3582 pro
1209 3497 1416 3581 parochianis
1445 3507 1549 3570 orant,
1581 3505 1615 3562 et
1645 3513 1755 3560 coram
1786 3493 1835 3559 eis

481 3616 737 3700 praesencialiter
765 3619 961 3696 ministrant,
987 3629 1024 3684 ut
1055 3620 1218 3684 efficacius
1247 3627 1428 3701 praesentes
1457 3618 1679 3682 accendantur
1707 3615 1741 3676 in
1768 3613 1833 3678 Dei

482 3738 581 3802 laude
603 3747 637 3802 et
650 3759 781 3824 amore.
827 3739 923 3819 Item,
946 3741 1153 3823 parochianis
1175 3742 1242 3804 suis
1265 3742 1455 3824 praedicant,
1473 3749 1506 3806 et
1528 3739 1683 3804 veritates
1706 3735 1834 3800 divinas

482 3868 516 3924 et
546 3861 645 3924 utiles
676 3859 854 3939 declarant,
878 3871 912 3925 et
941 3861 1133 3945 explanant,
1160 3871 1285 3926 rectum
1317 3861 1490 3927 consilium
1520 3857 1726 3944 parochianis
1755 3875 1833 3920 con-

482 3980 599 4061 ferunt,
622 3984 710 4046 unde
739 3982 917 4065 quondam,
942 3985 1077 4067 quando
1099 3983 1231 4048 luerunt
1254 3983 1366 4068 plures
1387 3984 1466 4048 boni
1489 3992 1523 4047 et
1549 3979 1668 4045 maturi
1691 3987 1836 4044 rectores

483 4103 701 4181 ecclesiarum,
716 4103 762 4167 ibi
785 4105 973 4184 residentes,
989 4105 1091 4189 brigae
1113 4116 1147 4170 et
1169 4107 1390 4171 dissensiones
1411 4105 1492 4170 infra
1512 4101 1701 4186 parochiam
1723 4106 1832 4171 motae‚

482 4223 534 4288 vel
564 4223 649 4290 inter
670 4224 895 4306 parochianos,
923 4227 1040 4310 sopitae
1064 4237 1158 4292 erant
1182 4237 1215 4292 et
1237 4226 1339 4292 finitae
1369 4248 1429 4310 per
1450 4229 1574 4290 bonurn
1598 4202 1775 4290 tractatum
1799 4227 1833 4284 et
