4322 4936
713 383 813 478 LOt'I
840 385 868 440 E
897 385 1021 441 LIBRO
1057 385 1314 442 VERJTATUM.
1630 376 1688 428 211

339 613 413 678 quae
437 596 602 662 intellexit
626 620 686 682 pro
710 601 799 664 bono
826 603 917 685 regni
942 603 986 666 ibi
1012 602 1207 684 expn'mere,
1234 618 1405 683 quousque
1432 595 1487 659 ille
1514 592 1690 675 episcopus

339 715 449 781 Pecolr
472 729 559 784 esset
581 731 678 784 extra
700 722 837 785 domum
861 722 947 786 illius
969 723 1106 798 concilii,
1124 722 1252 805 magnis
1275 720 1463 784 doctoribus
1486 725 1520 779 et
1542 711 1690 797 pluribus

339 837 371 898 in
401 838 586 922 Theologia
619 842 663 904 ibi
694 843 726 904 in
757 843 815 906 illo
845 843 983 907 concilio
1013 845 1099 926 regis
1129 842 1368 927 praesentibus3
1399 848 1433 904 et
1459 837 1558 900 libros
1587 833 1690 916 ipsius

339 957 448 1022 Pecok
471 961 681 1043 exigentibus
704 983 723 1026 a
746 964 880 1027 domino
903 964 1062 1046 praedicto
1087 963 1325 1037 cantuariensi,
1348 962 1404 1045 qui
1427 957 1577 1042 promisit
1599 951 1689 1035 quod

337 1078 497 1146 haberent
523 1083 597 1145 illos
623 1085 666 1147 ad
695 1086 975 1161 examinandum3
1006 1095 1040 1149 et
1065 1086 1243 1168 praedictus
1268 1085 1439 1168 episcopus
1466 1076 1574 1141 Pecok
1601 1073 1689 1138 dixit

336 1202 495 1282 praedicto
517 1203 764 1286 archiepiscopo
789 1206 877 1287 quod
903 1207 974 1287 ipse
995 1206 1099 1270 voluit
1125 1208 1279 1270 inducere
1301 1223 1411 1268 coram
1435 1200 1491 1264 illo
1513 1195 1688 1276 archiepis·

337 1340 421 1403 copo
443 1342 559 1386 omnes
582 1323 683 1388 libros
706 1345 783 1388 suos
806 1346 889 1407 quos
911 1325 988 1389 lecit
1011 1326 1095 1390 inira
1117 1327 1293 1390 triennium
1315 1333 1395 1388 ante
1416 1320 1509 1384 illum
1532 1317 1630 1392 diem,
1653 1324 1688 1378 et

336 1461 396 1523 pro
422 1443 485 1506 illis
511 1443 602 1511 libris
624 1446 737 1522 voluit,
761 1457 798 1510 ut
822 1446 866 1509 ibi
890 1446 986 1521 dixit,
1008 1448 1213 1530 respondere,
1239 1446 1299 1510 sed
1326 1465 1392 1508 non
1414 1462 1475 1525 pro
1500 1439 1572 1503 aliis
1596 1435 1687 1500 libris

335 1563 402 1624 suis
427 1583 510 1645 quos
533 1567 604 1648 ipse
626 1567 800 1649 episcopus
821 1567 931 1630 Pecok
954 1576 1032 1630 ante
1055 1567 1146 1630 illum
1167 1566 1237 1648 (sic)
1257 1566 1432 1630 triennium
1455 1559 1592 1626 tradidit
1614 1555 1688 1620 aliis

335 1681 530 1762 hominibus,
546 1687 632 1767 quia,
648 1697 685 1750 ut
705 1688 800 1764 dixit,
817 1688 863 1750 illi
882 1688 954 1751 libri
978 1709 1044 1752 non
1060 1689 1191 1752 fuerunt
1206 1687 1342 1752 correcti
1362 1705 1422 1767 per
1442 1685 1549 1766 ipsum
1567 1677 1685 1752 Pecok,

334 1804 392 1867 sed
418 1805 642 1885 indeliberate,
669 1808 741 1873 aliis
767 1810 966 1892 petentibus,
993 1810 1066 1873 illos
1097 1810 1197 1873 libros
1227 1810 1426 1872 incorrectos
1452 1804 1499 1868 eis
1528 1799 1686 1876 tradidit,

335 1935 368 1987 et
394 1923 442 1988 sic
467 1938 583 2010 postea
610 1929 683 1991 libri
711 1929 791 2011 ejus,
822 1950 866 1994 sc.
894 1951 1023 2008 novem,
1048 1930 1225 1994 introducti
1251 1929 1381 1992 suerunt
1411 1927 1444 1989 in
1471 1920 1685 2007 praesenciam

333 2045 569 2131 archiepiscopi
600 2069 660 2131 per
689 2051 831 2113 eundem
863 2051 997 2126 Pecok3
1037 2061 1071 2114 et
1101 2051 1225 2114 inventi
1257 2059 1335 2113 tunc
1370 2047 1502 2110 luerunt
1531 2041 1578 2105 illi
1612 2037 1684 2102 libri

333 2165 435 2247 ipsius
461 2168 570 2232 Pecolr
601 2170 634 2234 in
661 2170 808 2252 pluribus
838 2171 918 2235 locis
948 2171 1120 2235 cancellati
1146 2183 1179 2235 et
1207 2171 1270 2234 rasi
1301 2171 1334 2232 in
1364 2165 1500 2232 diversis
1532 2161 1624 2234 locis,
1650 2168 1685 2224 et

332 2287 451 2350 iterum
475 2290 518 2352 de
540 2309 627 2353 novo
653 2291 764 2372 scripti
789 2312 849 2373 per
874 2292 1016 2354 eundem
1043 2292 1254 2374 episcopum3
1282 2301 1316 2354 et
1339 2289 1386 2354 sic
1409 2264 1513 2354 exivit
1538 2304 1559 2347 a
1583 2282 1684 2345 domo

331 2408 458 2472 concilii
482 2410 561 2492 regii
583 2413 673 2493 apud
689 2411 1020 2476 Westmonasterium
1044 2415 1107 2477 iste
1131 2413 1250 2487 Pecok,
1273 2413 1447 2494 episcopus
1469 2400 1684 2477 Cicistrensis,

330 2525 490 2594 Wallicus
509 2533 641 2614 origine,
659 2533 714 2615 qui
734 2533 905 2616 proposuit
923 2533 1032 2614 legem
1049 2542 1175 2596 naturae
1191 2553 1290 2615 supra
1312 2531 1515 2612 scripturam,
1531 2534 1565 2588 et
1584 2539 1684 2602 supra

330 2661 544 2724 sacramenta,
573 2662 606 2716 et
629 2654 684 2735 qui
710 2655 743 2716 in
765 2653 860 2717 sactis
886 2655 1007 2717 suiset
1028 2654 1138 2716 verbis
1160 2654 1255 2726 dixit,
1280 2652 1424 2716 ‘Anima
1447 2667 1522 2712 mea
1544 2651 1683 2708 nauseat

330 2790 428 2852 super
450 2773 524 2836 cibo
549 2773 605 2836 illo
633 2774 813 2850 levissim0‚’
839 2794 882 2837 sc.
909 2775 951 2837 de
975 2776 1106 2856 scriptis
1128 2773 1242 2838 Sancti
1265 2773 1434 2854 Jeronimi,
1458 2767 1573 2832 Sancti
1596 2763 1682 2826 Am-

330 2889 437 2970 brosii,
469 2893 583 2956 Sancti
614 2894 804 2977 Augustini,
835 2904 869 2958 et
904 2894 1018 2959 Sancti
1059 2895 1216 2977 Gregorii,
1240 2903 1274 2957 et
1303 2893 1442 2956 aliorum
1470 2898 1683 2960 sanctorum3

329 3031 442 3074 eorum
469 3015 557 3076 enim
584 3017 705 3098 scripta
730 3018 927 3098 vituperavit
954 3024 988 3078 et
1014 3017 1047 3077 in
1074 3015 1221 3098 pluribus
1251 3013 1308 3077 illa
1337 3033 1414 3076 vera
1441 3031 1512 3075 esse
1538 3005 1681 3090 negavit,

329 3141 363 3194 et
389 3133 509 3197 racioni
532 3156 601 3198 suae
625 3138 766 3218 propriae
788 3137 928 3201 adhaesit
959 3137 1022 3199 ista
1049 3136 1160 3200 Pecolr
1187 3138 1370 3218 episcopus.
1415 3131 1518 3195 Anno
1545 3124 1682 3192 Domini

330 3260 401 3314 m¹²²⁰
430 3263 542 3319 ccccmo
572 3258 846 3341 quinquagesimo
875 3257 943 3339 vij0,
973 3259 1005 3320 in
1035 3259 1176 3321 sabbato
1205 3257 1289 3322 inira
1321 3265 1455 3320 octavas
1484 3248 1681 3316 sanctissimi

330 3373 473 3451 Martini,
502 3377 561 3441 Xti
587 3378 790 3454 confessoris,
816 3380 935 3443 citatus
963 3389 996 3442 et
1021 3381 1166 3443 monitus
1195 3399 1254 3461 per
1282 3375 1565 3458 archiepiscopum
1593 3369 1681 3433 Can·

327 3497 537 3577 tuariensem,
555 3499 722 3564 Thomam
747 3501 916 3579 Bourcere,
939 3503 1151 3583 praesentavit
1177 3498 1424 3581 archiepiscopo
1450 3495 1497 3558 illi
1519 3494 1556 3556 ix
1579 3491 1681 3554 libros
1752 3543 1755 3552 .

327 3636 411 3699 quos
433 3619 544 3684 Pecolr
566 3621 679 3699 edidit,
697 3631 734 3686 ut
757 3623 965 3686 traderentur
986 3642 1045 3704 per
1066 3620 1348 3703 archiepiscopum
1372 3617 1465 3680 illurn
1488 3614 1679 3679 doctoribus

327 3739 501 3822 praecipuis
530 3741 573 3805 ad
604 3742 874 3821 examinandum,
904 3742 961 3824 qui
991 3750 1105 3806 contra
1136 3740 1246 3804 Pecok
1275 3741 1466 3823 episcopum
1496 3735 1601 3800 indies
1631 3736 1680 3798 in·

326 3859 469 3937 stabant,
493 3861 549 3943 qui
577 3861 686 3926 Pecolr
713 3863 897 3945 episcopus,
925 3863 1081 3926 exclusus
1107 3861 1164 3925 illo
1189 3882 1278 3926 anno
1307 3862 1350 3925 de
1373 3857 1513 3924 concilio
1537 3857 1622 3939 regis
1644 3865 1679 3922 et

326 3981 429 4063 regni,
452 3983 580 4064 optavit
604 3994 637 4048 et
660 3984 760 4066 peciit
785 3985 874 4066 quod
899 4003 966 4046 non
990 3982 1193 4065 judicaretur
1219 3983 1400 4047 secundum
1422 3979 1582 4062 judicium
1606 3975 1679 4040 illo·

326 4122 398 4164 rum
425 4104 607 4181 doctorum,
633 4105 691 4168 sed
719 4125 779 4187 per
801 4104 863 4168 sibi
887 4124 992 4186 pares,
1015 4124 1099 4186 quos
1124 4105 1301 4170 estimabat
1322 4123 1396 4168 esse
1418 4121 1483 4165 non
1505 4100 1679 4183 episcopos

325 4221 468 4306 Angliae,
495 4225 551 4307 qui
581 4235 669 4303 tunc,
699 4237 737 4291 ut
767 4225 945 4290 credebant
975 4225 1086 4306 aliqui,
1110 4227 1233 4291 inventi
1263 4234 1341 4290 sunt
1370 4223 1478 4288 minus
1505 4220 1677 4296 habentes,

957 4345 978 4390 a
997 4349 1015 4391 e
1032 4347 1049 4389 2
