4378 4936
493 377 534 456 84
864 391 962 445 Loci
989 391 1018 442 s
1047 387 1172 442 aluno
1208 385 1464 440 Vanrrnrrnu.

494 602 593 666 lendo
620 623 723 666 unum
752 605 890 669 mortale
920 606 1009 687 quod
1036 604 1126 668 aliud
1157 622 1223 666 non
1250 611 1418 665 remaneat
1449 601 1482 662 in
1510 599 1641 664 affectu.
1689 599 1848 664 ‘Auferte

493 723 619 787 malum
643 725 883 807 cogitacionum
908 735 1090 789 vestrarum
1110 723 1153 787 ab
1174 722 1278 786 oculis
1302 720 1402 799 meis‚'
1420 723 1439 784 i.
1451 743 1479 786 e.
1502 741 1570 784 non
1592 721 1701 785 solum
1724 721 1848 785 malum

494 866 578 927 opus
597 845 714 922 delete,
731 847 789 910 sed
809 847 934 911 malum
952 865 1149 911 consensum
1165 844 1323 926 quiescite
1342 863 1439 925 agere
1458 863 1619 925 perverse,
1636 843 1689 906 i.e.
1706 845 1849 906 ‘cessate

493 989 515 1031 a
545 965 649 1030 malo’
675 970 777 1032 verbo
808 979 842 1032 et
870 969 967 1044 sacto,
995 969 1118 1032 amodo
1140 967 1276 1029 ‘discite
1298 965 1384 1028 bene
1414 961 1539 1042 lacere,'
1562 965 1581 1026 i.
1596 985 1623 1029 e.
1650 966 1789 1046 quaerite
1813 972 1849 1028 et

494 1091 684 1171 cognoscite
708 1110 808 1172 opera
835 1090 923 1154 bona
946 1099 980 1154 et
1007 1099 1109 1166 actuS,
1136 1088 1193 1170 qui
1221 1107 1331 1151 coram
1358 1087 1432 1149 Deo
1459 1085 1527 1150 fieri
1554 1087 1726 1150 debentur.
1771 1083 1849 1149 Non

495 1213 583 1273 enim
615 1211 703 1286 dicit,
730 1211 820 1275 Bene
842 1211 948 1286 facite,
974 1211 1041 1286 sed,
1071 1211 1220 1274 ‘Discite
1250 1210 1336 1273 bene
1359 1205 1484 1286 lacere‚’
1507 1215 1544 1273 ut
1570 1227 1629 1291 per
1656 1207 1729 1272 haec
1750 1207 1850 1271 verba

494 1333 637 1396 sciamus
660 1333 749 1415 quod
769 1331 935 1395 Dominus
957 1333 1028 1396 vult
1051 1353 1111 1396 nos
1134 1351 1280 1415 quaerere
1304 1340 1338 1394 et
1360 1333 1503 1409 studere,
1518 1331 1562 1395 ad
1585 1331 1850 1414 cognoscendum

496 1473 535 1515 ea
555 1474 629 1535 quae
650 1453 748 1516 saluti
769 1455 888 1518 animae
909 1453 1082 1536 pertinent,
1099 1465 1132 1518 et
1153 1474 1254 1536 opera
1275 1453 1330 1516 illa
1351 1473 1435 1535 quae,
1453 1474 1496 1517 ex
1515 1451 1588 1534 jure
1609 1454 1729 1532 divino,
1745 1452 1851 1516 lacere

495 1583 658 1649 tenentur,
686 1584 723 1637 ut
752 1585 895 1639 testatur
925 1575 1069 1640 Sanctus
1095 1576 1292 1656 Jeronimus,
1322 1576 1354 1636 in
1382 1573 1631 1639 Commentario
1663 1595 1723 1640 suo
1753 1592 1852 1658 super

494 1694 641 1774 Ysaiam',
657 1695 740 1758 libro
763 1697 889 1779 prim03
912 1707 946 1761 et
967 1718 1066 1780 opera
1087 1697 1199 1779 aliqua
1222 1696 1266 1759 ibi
1287 1696 1451 1760 Dominus
1472 1697 1630 1775 nominat,
1645 1717 1720 1780 quae
1742 1689 1850 1760 lacere

495 1825 660 1891 tenentur,
676 1816 843 1898 ‘Quaerite
860 1817 1030 1899 judicium,
1046 1819 1218 1882 subvenite
1241 1839 1408 1900 oppresso,
1420 1817 1568 1900 judicate
1588 1817 1723 1902 pupillo,
1738 1817 1850 1882 delen·

494 1937 566 2000 dite
586 1938 719 2001 viduam
733 1935 755 2016 ;'
777 1951 856 2003 tunc
880 1941 923 2002 ‘si
945 1939 1076 2004 suerunt
1098 1951 1234 2023 peccata
1255 1949 1364 2004 vestra
1385 1949 1422 2003 ut
1443 1940 1622 2015 coccinum,
1646 1941 1663 2002 i.
1677 1960 1704 2002 e.
1730 1953 1851 2020 magna

495 2068 530 2122 et
553 2058 692 2138 intensa,
719 2062 812 2142 quasi
840 2061 899 2124 nix
926 2060 1188 2140 dealbabuntur,'
1215 2063 1235 2124 i.
1251 2083 1279 2125 e.
1304 2083 1380 2124 vere
1403 2082 1424 2124 a
1447 2081 1522 2124 meo
1546 2061 1620 2124 Deo
1644 2061 1852 2124 remittentur

496 2190 530 2243 et
557 2181 764 2256 delebuntur.
822 2182 984 2246 Sacerdos
1011 2186 1099 2246 enim
1125 2183 1263 2247 audiens
1290 2183 1512 2246 consessiones
1543 2183 1724 2265 prudenter
1753 2183 1851 2244 inter·

497 2313 591 2383 roget
622 2311 655 2365 et
685 2314 822 2385 quaerat,
850 2325 910 2386 per
939 2305 1086 2368 raciones
1116 2315 1149 2368 et
1180 2305 1366 2369 evidencias
1397 2315 1584 2369 sanctorum
1615 2305 1787 2368 doctorum
1817 2311 1852 2367 et

497 2423 666 2505 scripturae
694 2445 803 2502 sacrae,
831 2447 905 2508 quae
933 2427 975 2490 sit
1000 2427 1055 2491 via
1083 2437 1171 2490 recta
1196 2427 1229 2489 in
1256 2445 1357 2509 quam
1381 2426 1555 2508 poenitens,
1577 2426 1666 2490 bona
1696 2435 1730 2490 et
1759 2423 1852 2488 suavi

497 2541 732 2610 informacione
763 2556 796 2610 et
827 2549 978 2613 doctrina
1007 2549 1209 2624 confessoris,
1238 2549 1420 2626 inducatur,
1448 2559 1481 2613 et
1512 2569 1586 2630 quae
1617 2555 1693 2611 sunt
1722 2547 1784 2609 viae
1810 2545 1853 2609 si-

498 2665 619 2743 nistrae,
646 2689 728 2749 quas
751 2669 857 2751 ipsum
881 2669 995 2752 lugere
1021 2681 1163 2754 oportet,
1186 2691 1260 2734 cum
1285 2671 1420 2746 semitis,
1445 2671 1464 2733 i.
1478 2691 1505 2733 e.
1530 2689 1605 2733 cum
1627 2667 1853 2732 occasionibus

498 2785 690 2869 propinquis
717 2791 852 2871 peccati,
875 2792 908 2854 in
931 2792 1011 2870 visu,
1038 2802 1137 2866 tactu,
1161 2791 1303 2874 loquela,
1327 2791 1416 2855 etin
1439 2789 1602 2873 pestiferis
1624 2789 1753 2866 osculis,
1777 2808 1852 2870 quae

498 3026 600 3092 lando
624 3031 815 3110 masculum,
837 3033 1001 3097 abscindit
1031 3033 1100 3116 ejus
1123 3042 1231 3116 caput,
1254 3043 1291 3096 ut
1313 3042 1455 3097 testatur
1478 3032 1619 3096 Sanctus
1643 3031 1788 3095 Isidorus
1818 3029 1852 3093 in

497 3147 591 3212 libris
618 3149 847 3230 Ethicarum¹3
878 3155 924 3218 sic
955 3175 1066 3218 revera
1089 3155 1201 3218 oscula
1232 3154 1407 3217 libidinosa
1434 3163 1468 3218 et
1494 3152 1669 3235 amplexus
1696 3149 1853 3234 elongant

501 3279 648 3333 mentem
675 3293 696 3335 a
718 3274 894 3338 virtutibus
921 3284 955 3338 et
981 3275 1152 3339 involvunt
1178 3276 1211 3338 in
1238 3275 1375 3339 terrenis
1403 3285 1437 3338 et
1462 3273 1647 3338 carnalibus
1672 3272 1852 3337 desideriis.

503 3387 698 3455 Consideret
727 3393 816 3474 quod
844 3406 998 3476 peccator
1028 3415 1094 3459 non
1125 3404 1236 3477 potest
1261 3417 1282 3458 a
1308 3397 1452 3478 peccatis
1482 3393 1652 3458 hominem
1683 3391 1853 3456 absolvere

502 3509 732 3591 indifferenter,
758 3524 794 3577 ut
821 3515 892 3596 ipse
920 3515 971 3578 vel
999 3526 1036 3579 ut
1066 3515 1226 3579 confitens
1252 3515 1333 3591 vult,
1356 3515 1415 3579 sed
1442 3525 1479 3579 ut
1500 3514 1586 3578 velle
1612 3513 1755 3590 debent3
1786 3531 1852 3576 non

503 3631 591 3693 enim
617 3643 653 3696 ut
675 3633 836 3712 voluntas,
855 3636 913 3698 sed
938 3646 973 3699 ut
996 3637 1084 3699 racio
1108 3637 1223 3717 exigit,
1245 3636 1366 3699 debeat
1389 3635 1541 3699 sacerdos
1564 3633 1741 3710 absolvere,
1764 3632 1854 3696 unde

501 3752 638 3833 angelus
661 3754 748 3817 dixit
771 3754 896 3819 Sancto
913 3757 1011 3820 Petro
1033 3755 1194 3839 apostolo,
1210 3765 1286 3838 post
1308 3757 1535 3820 ascensionem
1552 3755 1621 3829 Xti‚
1637 3753 1786 3819 Actuum
1803 3755 1852 3830 x⁰‚

502 3871 620 3954 ‘Quod
639 3874 729 3937 Deus
749 3877 929 3956 mundavit,
946 3887 981 3940 tu
1004 3898 1045 3941 ne
1063 3895 1238 3941 commune
1259 3873 1405 3952 dixeris,'
1427 3877 1480 3940 i.e.
1496 3875 1714 3950 immundum,
1737 3873 1792 3939 i.e.
1809 3893 1853 3937 ne

502 3991 593 4056 dicas
614 4005 659 4072 tu,
676 3995 780 4074 Petre,
795 3997 877 4062 illud
894 4019 964 4062 esse
985 3999 1193 4061 immundum
1217 3998 1306 4080 quod
1323 3997 1415 4062 Deus
1436 3997 1507 4080 ipse
1527 3995 1708 4072 mundavit,
1725 4013 1785 4058 nec
1803 3993 1854 4057 di·

503 4131 558 4175 cas
573 4133 644 4179 esse
665 4118 834 4196 mundum,
851 4139 909 4183 nec
925 4139 946 4182 a
961 4119 1104 4202 peccatis
1119 4117 1317 4194 absolutum,
1334 4138 1434 4201 quem
1450 4118 1543 4183 Deus
1558 4116 1765 4181 immundum
1781 4133 1855 4178 esse

688 4250 696 4279 ¹
714 4252 766 4302 The
779 4269 883 4318 passage
896 4255 999 4304 referred
1011 4260 1037 4305 to
1050 4255 1070 4304 is
1082 4256 1106 4304 in
1120 4255 1161 4306 the
1177 4255 1233 4306 12th
1246 4255 1314 4306 book
1326 4255 1355 4306 ol
1364 4254 1479 4306 Isidore’s
1492 4255 1664 4319 Etymologiae.
