4322 4936
737 399 942 453 ARTICULI
960 399 1178 453 NOBlLIUM
1201 389 1292 468 1406.
1625 409 1688 474 229

338 626 449 681 catum
479 639 575 681 suum
606 617 764 701 magistro
791 617 960 682 Willelmo
991 618 1120 701 Kexby
1148 617 1383 700 penitenciario
1417 617 1559 683 Eboraci
1590 621 1691 685 confi·

337 747 472 815 teretur,
503 736 632 822 ‘Quia’
661 739 776 822 inquit,
806 739 962 822 ‘triginta
993 739 1087 804 annis
1117 738 1237 820 elapsis
1267 758 1327 822 per
1360 747 1428 802 tres
1458 739 1530 802 dies
1556 741 1691 806 insidias

337 859 461 940 parasti
487 860 530 924 ad
557 861 775 925 occidendum
803 859 905 924 talem
931 858 1121 934 hominem‚'
1146 868 1181 922 et
1211 859 1394 923 nominavit
1423 879 1607 941 personam,
1639 866 1691 928 ‘et

336 980 432 1062 quia,’
454 982 570 1065 inquit,
592 985 713 1065 ‘opere
736 1002 802 1046 non
825 981 1031 1064 complevisti
1054 991 1238 1064 peccatum,
1262 1000 1328 1044 non
1355 1000 1426 1043 esse
1452 981 1632 1057 aestimasti,
1657 994 1691 1049 et

336 1101 413 1165 ideo
444 1124 504 1168 nec
537 1123 615 1168 vere
648 1103 840 1186 poenituisti,
874 1124 934 1167 nec
964 1102 1130 1168 confessus
1161 1123 1216 1181 es;
1253 1101 1328 1165 ideo
1356 1101 1428 1183 jam
1457 1103 1627 1184 poenitere,
1657 1114 1692 1171 et

338 1222 494 1288 confitere
524 1223 614 1303 illud,
636 1224 689 1287 vel
719 1220 974 1306 dampnaberis.’
1020 1223 1105 1287 Haec
1132 1221 1221 1286 dixit
1250 1223 1340 1285 idem
1365 1222 1535 1303 Johannes
1559 1223 1691 1304 Sibsun,

338 1344 371 1406 in
401 1345 580 1426 praesencia
610 1344 762 1428 plurium,
791 1345 895 1408 sorori
926 1365 1009 1408 meae
1040 1343 1186 1408 dominae
1214 1342 1377 1424 Johannae
1409 1343 1509 1420 Roos,
1540 1343 1691 1426 Eboraci,

338 1465 423 1528 inter
445 1465 562 1530 fratres
589 1467 740 1531 minores.
788 1466 883 1544 Item,
911 1466 1067 1549 praecepit
1092 1466 1201 1529 eidem
1227 1465 1371 1546 Johanni
1399 1473 1435 1528 ut
1460 1465 1594 1531 offerret
1615 1487 1691 1532 can·

338 1587 449 1651 delam
463 1609 593 1652 ceream
609 1610 708 1672 super
727 1589 913 1672 sepulcrum
935 1587 1016 1668 ejuS,
1032 1598 1065 1652 et
1086 1588 1177 1669 quod
1198 1594 1381 1670 asportaret
1399 1585 1490 1669 ligna
1509 1596 1543 1651 et
1563 1587 1691 1672 lapides

337 1731 412 1791 quae
438 1710 588 1774 homines
613 1731 713 1793 super
738 1710 925 1792 sepulcrum
949 1730 1046 1772 suum
1071 1717 1259 1791 posuerunt,
1282 1729 1324 1772 ne
1349 1707 1501 1772 homines
1525 1709 1570 1772 ibi
1594 1710 1691 1774 offer·

338 1839 410 1894 rent
437 1852 498 1896 nec
524 1834 707 1908 adorarent,
736 1853 811 1914 quae
838 1831 927 1894 idem
953 1829 1123 1912 Johannes
1149 1851 1253 1893 senex
1282 1829 1463 1911 asportavit
1492 1829 1589 1908 solus,
1615 1831 1691 1896 licet

336 1951 471 2034 aliquod
497 1953 643 2036 ipsorum
666 1954 724 2014 vix
750 1961 817 2016 tres
842 1951 944 2015 sortes
969 1950 1121 2014 homines
1145 1949 1252 2013 levare
1276 1958 1475 2032 potuerunt3
1503 1971 1578 2032 quae
1601 1951 1691 2034 ligna

338 2071 426 2136 idem
453 2073 624 2154 Johannes
650 2073 831 2156 asportavit
858 2083 893 2137 et
922 2093 1034 2137 coram
1064 2072 1161 2137 altari
1191 2073 1299 2136 beatae
1327 2071 1443 2135 Mariae
1469 2072 1616 2154 Virginis
1645 2074 1691 2136 ibi

338 2193 370 2256 in
395 2195 533 2261 ecclesia
549 2195 751 2260 Eboracensi
774 2195 940 2278 deposuit.
986 2194 1032 2258 Et
1055 2204 1128 2259 tum
1150 2194 1259 2258 eidem
1275 2193 1418 2274 Johanni
1441 2195 1691 2275 quatuordecim

337 2315 463 2379 vicibus
496 2325 573 2400 post
602 2328 744 2381 mortem
771 2337 865 2380 suarn
898 2315 1060 2399 apparuit,
1092 2316 1148 2397 qui
1182 2315 1317 2396 quidem
1347 2312 1555 2397 archipraesul
1586 2335 1690 2397 usque

337 2439 380 2500 ad
405 2449 545 2503 mortem
567 2438 659 2521 virgo
682 2437 872 2522 permansit,
894 2446 932 2500 ut
955 2457 1014 2520 per
1035 2435 1256 2499 consessorem
1278 2453 1375 2498 suum
1402 2433 1556 2498 ultimum
1579 2435 1691 2519 cogni-

337 2569 409 2623 tum
433 2558 504 2624 suit.

756 2764 992 2828 ARTICULI
1018 2761 1269 2828 NOBlLIUM.

837 2951 921 3015 M¹¹¹²⁰
944 2959 1055 3016 ccccm⁰
1078 2962 1184 3015 sexto

425 3125 528 3189 Anno
558 3125 695 3189 DomIni
729 3125 820 3203 1406,
852 3125 1006 3189 dominus
1036 3123 1199 3188 Henricus
1230 3122 1342 3204 Percy,
1378 3142 1489 3186 comes
1520 3119 1690 3185 Northan·

337 3247 508 3325 humbriae,
535 3257 568 3312 et
596 3249 796 3312 Edmundus
822 3248 1017 3330 Mortymer,
1044 3245 1149 3322 miles,
1172 3244 1327 3308 dominus
1357 3244 1399 3308 de
1427 3242 1565 3307 Bardols
1588 3245 1690 3308 etde

338 3369 507 3452 Worniga,
537 3369 738 3452 scripserunt
770 3370 897 3433 litteras
930 3377 1083 3451 patentes
1118 3366 1253 3432 cuilibet
1282 3386 1339 3430 eas
1368 3366 1528 3448 inspicere
1557 3366 1690 3446 volenti,

338 3490 547 3555 notificantes
577 3510 692 3554 causas
722 3499 857 3574 propter
881 3511 962 3573 quas
992 3509 1053 3553 rex
1085 3488 1250 3552 Henricus
1279 3486 1426 3570 Quartus
1453 3485 1550 3569 jussit
1579 3487 1690 3551 decol-

338 3609 397 3674 lari
433 3621 556 3675 sanctae
597 3612 765 3675 memoriae
805 3612 977 3674 dominum
1015 3609 1196 3674 Ricardum
1235 3607 1368 3689 Sempe,
1405 3607 1689 3691 archiepiscopum

339 3731 498 3810 Eborum,
522 3751 610 3795 anno
633 3731 753 3795 divinae
785 3731 1028 3796 Incamacionis
1059 3735 1131 3792 m¹²¹⁰
1160 3734 1250 3792 cccc⁰
1275 3733 1319 3801 v⁰,
1349 3737 1468 3792 octava
1505 3726 1560 3790 die
1589 3727 1689 3809 Junii.

338 3851 449 3915 Prima
474 3873 574 3917 causa
598 3852 668 3930 luit,
695 3853 774 3935 quia
798 3853 962 3917 consuluit
986 3852 1054 3933 regi
1076 3851 1120 3914 ad
1146 3848 1376 3932 poenitendum
1403 3857 1438 3911 et
1461 3848 1505 3911 ad
1529 3847 1689 3912 satisfaci-

338 3974 461 4036 endum
485 3994 546 4056 pro
572 3982 709 4056 peccato
732 3995 792 4037 suo
815 3985 931 4039 contra
954 3993 1066 4056 regem
1088 3971 1278 4035 Ricardum.
1322 3969 1495 4050 Juraverat
1518 3969 1606 4032 enim
1629 3989 1689 4032 rex

339 4094 504 4159 Henricus
530 4115 629 4176 super
657 4104 901 4159 sacramentum
926 4095 1070 4177 corporis
1094 4093 1165 4168 Xti,
1192 4093 1225 4154 in
1251 4089 1388 4155 castello
1414 4091 1457 4155 de
1483 4089 1606 4172 Fflynt,
1631 4109 1690 4172 per

338 4237 362 4278 x
385 4215 542 4280 millearia
564 4237 585 4279 a
607 4215 685 4280 villa
708 4219 750 4281 de
775 4215 947 4299 Cheestyr,
972 4217 1060 4298 quod
1086 4233 1254 4296 nunquam
1277 4211 1458 4286 rebellaret,
1485 4231 1544 4275 nec
1567 4210 1689 4292 deponi
