4378 4936
496 319 538 382 86
869 327 967 381 LOCI
994 325 1023 378 E
1052 325 1176 379 LIBRO
1212 326 1471 382 VERITATUM.

494 547 579 610 ciam
599 547 674 622 Dei,
690 556 724 610 et
746 545 945 620 libertatem,
964 544 1052 608 dixit
1066 543 1216 608 Actuum
1232 543 1305 626 xj⁰:
1329 544 1424 627 ‘Ego
1443 546 1517 628 quis
1537 565 1626 609 eram
1645 547 1701 629 qui
1722 547 1846 629 possim

494 665 668 750 prohibere
691 667 874 731 Dominum
885 661 909 728 i’
939 665 959 728 i.
975 685 1004 729 e.
1034 685 1100 728 non
1123 683 1258 746 possum
1280 663 1455 748 prohibere
1477 666 1680 744 Dominum3
1707 677 1742 732 et
1763 667 1847 731 sicut

493 808 561 852 non
586 796 698 870 potest
722 787 833 851 Deum
858 785 1040 869 prohibere,
1063 785 1110 848 sie
1135 783 1341 849 voluntatem
1362 784 1427 848 Dei
1453 787 1496 849 ad
1519 785 1644 868 aliquid
1667 785 1845 851 volendum

492 907 546 974 vel
561 906 747 973 faciendum
769 927 835 970 non
854 915 966 989 potest
981 904 1188 987 compellere.
1226 903 1304 968 Non
1323 915 1372 968 est
1393 907 1481 969 eninr
1497 907 1554 989 qui
1569 916 1681 990 potest
1696 907 1845 972 resistere

491 1027 656 1093 voluntati
673 1039 750 1106 tuae,
765 1027 928 1091 Domine!
960 1026 1048 1090 unde
1070 1026 1221 1090 Actuum
1241 1025 1357 1108 primo,
1375 1025 1541 1109 ‘Oportet
1561 1027 1690 1109 impleri
1706 1028 1845 1110 scriptu-

492 1169 572 1228 ram,
587 1169 687 1231 quam
703 1149 861 1233 praedixit
877 1147 1021 1231 Spiritus
1037 1145 1199 1211 Sanctus?
1243 1147 1326 1210 Ideo
1348 1147 1436 1210 enim
1455 1145 1597 1212 Sanctus
1613 1148 1729 1212 Petrus
1750 1148 1845 1232 plura

491 1269 579 1346 feeit,
605 1251 683 1352 quia
709 1269 803 1333 Deus
832 1268 890 1332 illa
918 1267 1028 1332 fienda
1058 1266 1184 1332 Sancto
1207 1267 1305 1330 Petro
1329 1267 1484 1342 ostendit,
1511 1269 1600 1332 unde
1621 1268 1771 1333 Actuum
1793 1275 1844 1345 x⁰,

491 1388 633 1467 ‘Michi,’
655 1389 773 1473 inquit,
794 1389 907 1452 ‘Deus
932 1385 1097 1452 ostendit.'
1153 1385 1221 1451 Sed
1244 1387 1329 1450 heu!
1364 1389 1533 1469 quomodo
1556 1387 1703 1453 fiendum
1724 1409 1746 1452 a
1769 1389 1843 1453 Deo

490 1511 676 1574 ostenditur
698 1510 787 1593 quod
810 1511 898 1575 racio
920 1509 1095 1573 manifesta
1115 1517 1149 1572 et
1169 1509 1330 1591 scriptura
1351 1527 1445 1572 sacra
1466 1510 1713 1575 contradicunt?
1751 1509 1844 1593 Quo·

490 1632 591 1696 modo
614 1630 795 1695 absolvitur
813 1631 857 1694 ab
877 1629 1013 1694 homine
1035 1631 1092 1712 qui
1112 1649 1223 1694 coram
1247 1629 1321 1693 Deo
1342 1629 1469 1694 absolvi
1492 1649 1558 1694 non
1579 1632 1744 1696 meretur?
1788 1631 1843 1695 Ne

489 1772 569 1835 ergo
591 1752 703 1816 dicant
725 1751 884 1827 homines,
905 1751 990 1815 sicut
1013 1749 1164 1814 moderni
1185 1749 1267 1814 fatui
1289 1750 1413 1826 dicunt,
1437 1750 1611 1816 ‘Faciliter
1632 1751 1745 1816 omnia
1765 1771 1843 1834 pec·

489 1881 565 1937 cata
595 1893 669 1936 mea
703 1873 919 1947 remittentur,
950 1871 978 1934 si
1013 1871 1168 1935 sacerdos
1197 1890 1334 1934 manum
1363 1891 1459 1934 suam
1488 1871 1588 1935 miehi
1618 1873 1777 1955 imponat,
1807 1881 1842 1936 et

487 1993 589 2058 verba
610 1992 833 2057 absolucionis
856 1993 955 2068 dicat,
976 2003 1011 2056 et
1033 1992 1109 2057 ideo
1136 2011 1203 2056 non
1225 2011 1304 2056 curo
1323 2011 1421 2074 agere
1443 2011 1520 2074 quae
1545 1988 1643 2056 volo.'
1687 1989 1841 2069 ‘Nolite’

487 2114 597 2197 inquit
618 2113 792 2190 Dominus,
818 2113 973 2196 Jeremiae
998 2119 1041 2192 7⁰,
1059 2111 1242 2176 ‘confidere
1267 2113 1301 2174 in
1328 2112 1436 2176 verbis
1459 2109 1644 2188 mendacii,'
1667 2113 1701 2175 id
1724 2121 1783 2190 est,
1806 2113 1840 2176 in

487 2234 596 2298 verbis
624 2233 726 2310 salsis,
752 2233 909 2308 dicentes,
941 2232 1140 2314 ‘Templum
1168 2232 1324 2296 Domini!
1369 2232 1550 2314 Templum
1573 2233 1741 2298 Dominil’
1773 2233 1793 2297 i.
1809 2253 1839 2296 e.

481 2353 590 2418 nolite
614 2355 723 2418 dicere
747 2353 811 2418 hoc
833 2353 963 2430 salsum,
984 2355 1074 2436 quod
1097 2354 1187 2435 prius
1213 2352 1364 2416 dixistis:
1387 2353 1588 2434 ‘Templum
1611 2353 1748 2416 Domini
1771 2353 1839 2418 tale

487 2484 546 2551 est,
563 2485 597 2538 et
618 2483 721 2540 tantae
745 2475 906 2551 efficaciae,
923 2475 1021 2556 quod,
1037 2494 1096 2557 per
1115 2473 1321 2537 oblacionem
1344 2483 1379 2538 et
1401 2493 1513 2556 preces
1536 2473 1639 2538 lactas
1657 2474 1711 2552 ibi,
1727 2474 1840 2538 omnia

486 2604 623 2678 peccata
645 2597 853 2660 remittentur
876 2595 984 2672 miehi,
1007 2595 1078 2658 sine
1101 2594 1174 2657 aliis
1197 2594 1352 2676 operibus
1379 2594 1543 2675 requisitis
1556 2590 1579 2672 ;’
1605 2594 1695 2677 quod
1718 2593 1837 2657 falsum

478 2737 559 2796 ,esse
588 2715 754 2779 Dominus
783 2717 938 2794 ostendit,
959 2715 1113 2797 Jeremiae
1137 2721 1190 2796 7⁰3
1227 2714 1324 2779 facite
1355 2735 1434 2798 ergo
1461 2715 1581 2798 dignos
1610 2713 1742 2795 fructus,
1773 2716 1792 2779 i.
1807 2735 1837 2778 e.

487 2837 609 2920 ‘digna
629 2858 730 2921 opera
753 2833 982 2920 poenitenciae,’
1009 2836 1111 2900 Lucae
1132 2843 1177 2920 3⁰.

571 2957 718 3024 Sextum
743 2957 867 3022 flumen
894 2957 1094 3022 Babilonicae
1120 2956 1319 3020 confusionis
1345 2965 1379 3020 et
1408 2958 1644 3021 destruccionis
1674 2966 1725 3021 est
1754 2955 1839 3020 falsa

485 3080 576 3159 fides,
606 3099 708 3164 quam
737 3079 840 3164 aliqui
872 3078 999 3144 habent
1029 3079 1062 3142 in
1093 3078 1310 3162 indulgenciis
1340 3080 1503 3144 concessis
1532 3101 1553 3146 a
1581 3098 1679 3163 papa,
1707 3078 1761 3142 vel
1792 3077 1837 3141 ab

483 3201 627 3280 homine,
645 3221 746 3285 quam
767 3222 789 3264 a
811 3201 888 3266 Deo
910 3221 977 3264 non
999 3199 1132 3278 habent,
1152 3201 1231 3281 quia
1254 3221 1321 3264 non
1342 3200 1467 3266 habent
1493 3201 1650 3284 requisita
1667 3201 1711 3265 ad
1733 3199 1836 3265 talem

483 3324 615 3386 veniam
633 3341 745 3386 coram
763 3321 849 3386 Deo.
880 3321 1094 3403 Indulgeneia
1114 3322 1203 3384 enim
1223 3330 1273 3384 est
1291 3341 1369 3385 vera
1388 3342 1447 3386 seu
1467 3321 1566 3404 plena
1586 3321 1664 3386 mali
1687 3321 1837 3386 remissio
1921 3356 1925 3364 ·

483 3464 540 3508 seu
563 3443 717 3523 deleccio,
738 3444 822 3508 sicut
846 3442 992 3507 declarat
1014 3442 1157 3508 Sanctus
1171 3441 1380 3526 Augustinus
1402 3444 1437 3506 in
1456 3441 1619 3508 Sermone
1641 3462 1740 3526 super
1762 3463 1835 3509 ver·

482 3585 558 3628 sum
582 3565 705 3634 Psalmi
728 3564 781 3646 67,
802 3567 906 3630 ‘sicut
927 3563 1040 3630 deficit
1062 3564 1172 3628 sumus
1194 3561 1384 3644 deficiant3'
1410 3564 1620 3648 indulgencia
1645 3565 1735 3628 enim
1756 3584 1836 3628 vera

482 3696 517 3751 et
537 3688 687 3770 preciosa
708 3707 759 3750 res
786 3697 848 3763 est,
871 3697 906 3751 et
930 3688 1032 3769 digno
1055 3687 1163 3770 precio
1185 3688 1415 3769 apprecianda,
1438 3696 1474 3752 et
1496 3695 1547 3751 est
1569 3687 1712 3750 emenda
1732 3707 1755 3749 a
1774 3684 1834 3751 tali

480 3809 602 3892 precio,
624 3809 713 3891 quali
738 3810 819 3874 emit
842 3820 876 3874 et
898 3807 990 3872 illam
1015 3809 1134 3873 meruit
1159 3817 1276 3874 sancta
1300 3808 1455 3873 dilectrix
1476 3808 1539 3875 Xti
1561 3807 1670 3870 Maria
1692 3805 1833 3887 Magda-

480 3931 565 4011 lena,
594 3952 670 4014 quae
700 3932 735 3995 in
763 3932 854 3996 omni
883 3941 978 4015 parte
1005 3933 1056 3994 sui
1086 3939 1138 3996 tot
1166 3930 1288 3995 obtulit
1318 3931 1389 3994 Xto
1418 3929 1621 4006 holocausta,
1646 3928 1667 3991 i.
1683 3947 1712 3990 e.
1738 3935 1832 3992 actus

480 4051 586 4116 bonos
609 4062 645 4115 et
669 4051 744 4115 Deo
761 4051 940 4135 placentes,
954 4060 1037 4135 quot
1060 4052 1095 4116 in
1118 4071 1155 4116 se
1178 4051 1268 4135 prius
1290 4049 1408 4115 habuit
1429 4052 1556 4132 peccati
1579 4048 1833 4124 oblectamenta,

480 4181 517 4238 ut
539 4181 679 4238 testatur
694 4173 837 4240 Sanctus
856 4173 1033 4257 Gregorius
1056 4175 1089 4238 in
1107 4173 1238 4240 Omelia
1257 4194 1316 4266 sua
1334 4173 1435 4238 Lucae
1453 4179 1486 4252 7⁰
1506 4177 1592 4254 cap0.
1628 4165 1831 4250 Exemplum
