4322 4936
485 392 544 472 176
857 399 957 454 Locl
981 398 1012 451 E
1040 399 1166 453 LIBRO
1199 399 1459 456 VERITATUM.

478 616 610 681 doctori
632 614 773 679 Thomae
797 614 943 692 Eborall,
966 635 1007 678 ea
1029 615 1225 694 intencione,
1248 627 1285 680 ut
1308 617 1387 698 ipse,
1411 617 1524 699 apcior
1550 637 1603 680 me
1628 617 1672 681 ad
1699 618 1836 681 circum-

480 739 628 802 eundum
658 745 692 800 et
722 735 970 818 praedicandum
1002 736 1034 800 in
1065 737 1187 800 diocesi
1219 737 1429 818 Eboracensi,
1460 739 1584 802 ibidem
1617 749 1766 804 maneret
1802 749 1837 803 et

480 860 683 944 praedicaret,
710 853 824 942 (quern
851 858 1021 920 doctorem
1047 867 1164 939 postea
1187 860 1325 923 retraxit
1346 861 1389 924 ab
1417 858 1472 923 illa
1493 881 1571 924 cura
1596 881 1656 942 per
1683 881 1760 924 eum
1786 881 1835 923 re-

480 989 578 1062 cepta
604 980 723 1043 doctor
749 978 911 1042 Ricardus
942 977 1050 1055 Frate,
1081 979 1255 1061 episcopus
1286 977 1535 1063 Cicestriensis,)
1567 980 1744 1063 multiplex
1775 981 1835 1044 im-

479 1103 709 1184 pedimentum
739 1099 801 1162 suit
831 1099 921 1180 quod
959 1120 1026 1162 non
1055 1100 1222 1164 circumivi
1261 1102 1474 1183 praedicando
1504 1102 1641 1165 verbum
1678 1103 1765 1178 vitae,
1797 1111 1835 1164 ut

477 1223 578 1286 volui.
630 1222 662 1286 O
691 1221 835 1284 Domine
862 1217 962 1301 Jesu!
993 1241 1092 1302 parce
1116 1222 1149 1284 in
1181 1223 1381 1286 remittendo
1411 1244 1486 1304 quae
1517 1223 1630 1298 merui,
1664 1233 1697 1287 et
1727 1224 1834 1286 omnis

479 1343 613 1426 spiritus
643 1341 756 1406 laudet
780 1343 891 1405 Deum
916 1361 1046 1424 semper
1070 1362 1130 1424 pro
1160 1342 1257 1405 donis
1281 1344 1359 1418 suis,
1386 1343 1480 1424 eujus
1501 1345 1611 1425 gracia
1638 1364 1697 1408 nec
1721 1344 1834 1425 optavi

480 1485 541 1529 nec
567 1464 673 1546 recepi
698 1463 870 1526 licenciam
895 1483 916 1525 a
941 1483 1029 1544 papa
1058 1463 1101 1526 ad
1127 1461 1319 1526 habendum
1349 1463 1574 1546 pluralitatem
1599 1484 1659 1528 nec
1688 1464 1756 1528 duo
1786 1464 1834 1526 in-

478 1582 713 1667 compatibilia.
758 1581 817 1645 Ad
840 1582 930 1664 quod
958 1582 1045 1646 enim
1069 1591 1279 1665 acceptarem
1305 1583 1537 1666 pluralitatem,
1561 1584 1677 1647 videns
1702 1594 1834 1647 sanctos

478 1715 513 1769 et
546 1713 642 1788 aptos
673 1703 861 1768 sacerdotes
894 1703 1032 1766 transire
1063 1703 1135 1766 sine
1169 1703 1406 1785 singularitate,
1437 1704 1458 1767 i.
1474 1725 1501 1768 e.
1531 1703 1643 1787 aliquo
1673 1704 1833 1769 beneficio

477 1823 721 1890 ecclesiastico?
764 1823 843 1886 Vidi
866 1823 898 1885 in
914 1823 1030 1886 diebus
1050 1824 1133 1886 meis
1148 1823 1246 1887 valde
1268 1825 1449 1888 dolendum
1465 1826 1551 1888 inter
1570 1825 1711 1907 plurima
1734 1825 1831 1899 mala,

477 1968 554 2029 quae
589 1946 623 2009 in
653 1944 781 2027 Anglia
810 1944 1017 2008 inundabant
1048 1953 1082 2007 et
1117 1943 1419 2027 multiplicabantur
1451 1945 1485 2008 in
1514 1954 1665 2027 tempore
1697 1945 1832 2009 Henrici

478 2066 508 2150 5¹
538 2077 572 2131 et
602 2065 641 2144 61,
671 2067 761 2148 quod
793 2065 913 2129 diversi
948 2066 1073 2128 domini
1108 2075 1142 2129 et
1172 2067 1303 2148 patroni
1337 2067 1584 2130 constituebant
1620 2075 1763 2131 rectores
1798 2076 1833 2130 et

476 2189 615 2253 vicarios
640 2198 676 2252 et
699 2187 854 2270 praelatos
882 2187 914 2250 in
941 2186 1013 2263 hoc,
1037 2188 1127 2268 quod
1152 2197 1332 2269 potuerunt
1358 2188 1421 2251 sibi
1444 2187 1523 2269 ipsis
1546 2187 1697 2264 dominis
1714 2197 1751 2251 ut
1774 2207 1833 2269 per

476 2331 534 2373 eos
557 2310 754 2385 sacerdotes,
776 2308 809 2370 in
828 2306 995 2370 beneficiis
1016 2327 1074 2370 seu
1100 2307 1132 2368 in
1158 2308 1242 2371 curis
1265 2308 1373 2390 positi,
1397 2309 1476 2390 ipsis
1499 2308 1641 2371 dominis
1664 2307 1831 2381 servirent,

477 2439 513 2494 et
539 2431 749 2494 attenderent
773 2429 901 2492 actibus
925 2429 981 2510 qui
1008 2428 1141 2511 placent
1163 2427 1228 2491 illis
1255 2429 1407 2506 dominis,
1429 2429 1485 2511 qui
1509 2449 1565 2492 eos
1592 2428 1832 2511 promovebant

477 2551 591 2633 pocius
622 2571 723 2632 quam
753 2550 882 2614 actibus
911 2570 994 2630 quos
1029 2549 1192 2612 Dominus
1217 2549 1309 2612 Deus
1339 2551 1480 2631 imperat
1513 2548 1581 2612 fieri
1612 2550 1656 2612 ad
1690 2549 1831 2612 salutem

477 2671 662 2734 animarum
689 2691 749 2753 per
777 2670 974 2746 sacerdotes
1000 2678 1033 2732 et
1059 2690 1119 2750 per
1149 2679 1328 2751 promotos,
1353 2679 1386 2732 et
1416 2669 1588 2732 officiarios
1619 2669 1651 2732 in
1683 2669 1831 2734 ecclesia.

476 2791 540 2854 Vae
570 2791 633 2854 illis
663 2792 810 2873 patronis
840 2799 874 2854 et
905 2789 1110 2864 electoribus,
1136 2791 1193 2873 qui
1225 2801 1351 2872 ponunt
1379 2790 1580 2852 mundanam
1611 2787 1770 2853 festucam
1797 2789 1831 2852 in

476 2911 585 2975 officio
612 2932 670 2975 seu
697 2911 730 2974 in
754 2911 900 2976 ecclesiae
927 2931 1011 2988 cura,
1037 2911 1093 2993 qui
1123 2919 1301 2993 potuerunt
1327 2910 1478 2973 ordinare
1508 2919 1542 2973 et
1569 2910 1693 2991 erigere
1723 2910 1755 2972 in
1778 2930 1830 2974 ec-

476 3032 576 3096 clesia
597 3033 688 3097 vivas
711 3032 923 3116 columpnas!

564 3163 602 3230 [p.
622 3161 691 3228 306]
736 3154 864 3218 Doctor
889 3153 1057 3217 Robertus
1088 3151 1294 3216 Grosseteste
1321 3159 1457 3214 vocatur
1486 3150 1639 3214 dominus
1665 3149 1831 3215 Lincolni·

476 3274 572 3350 ensis,
604 3274 681 3357 quia
711 3273 773 3339 luit
806 3275 976 3358 quondam
1007 3276 1181 3357 episcopus
1211 3271 1460 3350 Lincolniensis‚
1492 3281 1529 3335 ut
1558 3281 1738 3352 antequam
1768 3270 1831 3334 suit

477 3394 652 3478 episcopus
689 3395 751 3459 luit
788 3395 1038 3460 archidiaconus
1068 3394 1256 3470 Lacestriae‚
1287 3402 1320 3456 et
1352 3393 1470 3456 doctor
1506 3412 1607 3456 sacrae
1638 3390 1830 3474 Theologiae

477 3515 643 3594 Oxoniae3
674 3524 712 3580 ut
738 3537 800 3600 ego
824 3516 891 3580 vidi
917 3517 1076 3599 scripturn
1101 3534 1201 3578 manu
1226 3533 1285 3576 sua
1308 3514 1441 3596 propria
1466 3513 1568 3595 ipsius
1597 3512 1724 3576 domini
1750 3511 1830 3576 Lin-

475 3635 660 3715 colniensis‚
690 3637 747 3719 qui
780 3637 842 3701 luit
874 3657 1000 3720 pauper
1035 3635 1161 3718 origine
1197 3656 1255 3698 seu
1291 3655 1334 3698 ex
1368 3633 1542 3698 nativitate
1577 3653 1645 3711 sua,
1675 3633 1735 3696 sed
1770 3651 1829 3715 pro

476 3767 592 3822 sancta
620 3759 688 3822 vita
718 3757 797 3839 ejus,
827 3767 861 3822 et
892 3779 1013 3842 magna
1044 3758 1113 3840 ejus
1143 3757 1289 3833 scientia,
1320 3756 1380 3819 suit
1410 3755 1524 3832 sactus,
1554 3754 1715 3818 instancia
1744 3753 1830 3836 regis

476 3879 621 3962 Angliae,
639 3879 813 3962 episcopus
837 3878 1028 3957 Lincolniae,
1051 3879 1109 3942 sed
1132 3878 1291 3961 completi
1314 3886 1391 3941 sunt
1414 3878 1493 3954 dies,
1516 3896 1560 3940 sc.
1586 3874 1641 3954 illi,
1663 3875 1740 3957 quia
1763 3894 1829 3938 non

476 4010 529 4065 est
551 4022 638 4066 nunc
660 4002 745 4066 sicut
767 4011 846 4065 tunc
869 4001 951 4080 iuit3
982 4021 1059 4064 nam
1084 4001 1231 4064 Henrico
1251 3999 1309 4082 vjl0
1331 4000 1462 4064 dicente
1484 4007 1517 4061 et
1540 4005 1710 4080 quaerente
1732 4017 1753 4059 a
1775 4015 1830 4058 me

475 4124 566 4204 apud
594 4121 749 4188 Castrum
776 4144 872 4186 suum
896 4122 1105 4206 Wyndsore:
1142 4121 1294 4205 ‘Quare’
1321 4123 1427 4205 inquit
1449 4140 1518 4197 rex,
1542 4125 1628 4182 ‘non
1655 4117 1735 4182 estis
1760 4135 1829 4194 vos,

476 4245 593 4309 doctor
608 4245 791 4329 Gascoyne,
806 4246 979 4330 episcopus
989 4243 1015 4306 ?’
1038 4255 1071 4310 et
1094 4266 1157 4328 ego
1181 4243 1334 4326 respondi
1355 4243 1426 4318 sibi,
1442 4240 1620 4318 ‘Domine,
1635 4239 1710 4304 dico
1726 4237 1829 4318 vobis,
