4338 4936
701 409 799 466 LOCI
825 411 854 464 E
883 411 1007 467 LIBRO
1043 411 1300 466 VERITATUM.
1634 412 1677 480 43

327 622 562 690 ecclesiasticos
574 626 595 705 ;'
618 638 650 691 et
671 629 733 694 hoc
755 631 873 694 salsum
894 632 1042 695 dicentes
1061 631 1234 695 voluerunt
1256 631 1442 694 sacerdotes
1463 637 1497 691 et
1521 623 1675 709 episcopi,

325 742 415 822 quod
431 763 637 827 quaecunque
658 746 718 828 ipsi
734 747 848 812 dicunt
871 757 904 812 et
920 748 1051 822 iaciunt,
1068 749 1254 812 dicerentur
1275 749 1307 810 in
1329 745 1453 830 populo
1474 765 1546 807 csse
1567 742 1676 818 bona3

326 872 360 925 et
375 863 459 927 tales
481 885 545 927 non
569 867 786 946 considerant,
802 869 890 950 quod
915 868 990 931 ideo
1013 879 1089 932 sunt
1111 869 1256 952 episcopi
1279 879 1312 932 et
1335 867 1522 932 sacerdotes
1545 863 1577 926 in
1599 882 1676 926 con-

326 992 455 1064 temptu
480 997 513 1049 et
535 986 568 1048 in
590 988 677 1063 odi0,
694 989 771 1069 quia
793 989 896 1051 vitam
918 989 1040 1053 bonam
1063 990 1288 1072 exemplarem
1312 1009 1378 1052 non
1401 986 1591 1059 ostendunt,
1615 1001 1675 1045 nec

325 1103 509 1169 doctrinam
533 1109 656 1190 populo
679 1110 838 1191 praebent‚
861 1111 919 1173 sed
946 1111 1100 1193 pecunias
1127 1111 1294 1194 colligunt,
1320 1109 1409 1174 etin
1436 1107 1504 1170 suis
1531 1103 1676 1169 ecclesiis

327 1244 386 1287 nec
409 1226 560 1300 resident,
583 1249 642 1292 nec
662 1228 924 1312 hospitalitatem
945 1241 1067 1296 tenent.
1115 1232 1166 1295 De
1187 1232 1309 1296 talibus
1331 1230 1411 1296 dicit
1434 1229 1525 1291 Deus
1546 1225 1579 1289 in
1601 1224 1676 1287 Ma·

327 1342 432 1409 lachia
450 1348 798 1422 2⁰,‘1rritumsecistis
814 1360 947 1433 pactum
965 1351 1067 1426 Levi,’
1081 1361 1145 1416 etc.

413 1475 452 1543 [p.
469 1477 541 1544 407·]
587 1469 817 1534 Communitas
835 1473 923 1535 enim
945 1473 977 1534 in
994 1471 1119 1554 Anglia
1140 1474 1281 1537 surrexit
1304 1483 1418 1536 contra
1439 1465 1676 1534 ecclesiasticos

325 1605 413 1650 anno
437 1587 495 1653 Xti
520 1602 611 1671 1450,
630 1593 708 1674 qula
730 1594 876 1676 episcopi
903 1604 935 1656 et
961 1604 1102 1658 rectores
1127 1595 1161 1657 iu
1185 1595 1253 1658 suis
1278 1595 1363 1658 curis
1390 1613 1455 1656 non
1487 1587 1676 1653 residebant

326 1709 383 1770 sed
407 1709 440 1772 in
458 1711 559 1777 domo
582 1715 668 1796 regis
688 1726 721 1778 et
737 1715 966 1793 dominorum;
991 1715 1076 1779 Item
1093 1715 1170 1797 quia
1191 1715 1453 1798 hospitalitatem
1476 1731 1541 1774 non
1561 1718 1676 1772 tenue·

326 1840 423 1910 runt3
449 1831 627 1934 Item'quia
641 1838 742 1900 verbo
764 1847 797 1900 et
820 1845 935 1900 sancto
959 1836 1115 1918 exemplo
1136 1857 1201 1900 non
1226 1835 1470 1919 praedicabant;
1494 1829 1581 1894 Item
1597 1824 1677 1909 quia

325 1950 358 2014 in
374 1955 502 2036 magnis
517 1958 659 2038 peccatis
674 1957 919 2036 habundabant,
936 1968 969 2022 et
984 1957 1090 2021 eciam
1106 1959 1138 2021 in
1154 1957 1280 2022 diviciis
1303 1967 1337 2022 et
1361 1957 1393 2019 in
1409 1952 1540 2038 pompis
1554 1975 1562 2028 ;
1587 1949 1674 2012 Item

325 2071 402 2153 quia
428 2073 548 2142 defecit
571 2076 703 2159 justicia
732 2089 764 2143 et
791 2079 950 2143 correctio
972 2080 1107 2162 peccati,
1131 2099 1230 2160 quam
1252 2077 1313 2160 ipsi
1341 2075 1443 2141 curati
1471 2083 1505 2138 et
1529 2067 1674 2153 episcopi

325 2192 486 2274 fecissent,
501 2199 527 2261 si
550 2199 750 2281 necligencia
771 2209 804 2262 et
826 2219 961 2262 munera
977 2207 1009 2263 et
1025 2201 1125 2262 timor
1145 2199 1366 2281 displicenciae
1387 2217 1443 2260 eos
1464 2213 1529 2256 non
1548 2200 1674 2253 retrax-

325 2313 445 2396 issent3
474 2317 560 2382 Item
580 2321 657 2402 quia
674 2321 807 2404 justicia
827 2319 946 2384 defecit
967 2321 1000 2383 in
1021 2321 1163 2384 dominIs
1184 2321 1269 2384 etin
1287 2319 1462 2402 judicibus,
1479 2323 1512 2378 et
1532 2309 1675 2395 querelae

324 2434 420 2501 sactae
436 2437 568 2505 luerunt
583 2463 643 2524 per
657 2443 767 2525 plures
786 2442 937 2524 injuriam
953 2443 1120 2525 pacientes
1135 2443 1193 2506 sed
1209 2443 1390 2506 remedium
1407 2457 1473 2502 non
1487 2434 1674 2499 habuerunt

325 2571 384 2622 nec
409 2559 678 2627 reformacionem
703 2563 802 2642 mali;
827 2563 913 2628 Item
937 2564 1108 2647 pluralitas
1132 2563 1374 2642 beneficiorum,
1393 2571 1427 2626 et
1448 2553 1674 2642 appropriacio

325 2679 533 2744 ecclesiarum
567 2684 814 2765 parochialium,
844 2695 878 2748 et
908 2685 1037 2766 empcio
1067 2683 1300 2748 beneficiorum
1334 2683 1466 2745 fuerunt
1500 2675 1674 2760 praecipuae

324 2819 441 2880 causae,
466 2812 503 2866 ut
529 2803 696 2880 dixerunt,
723 2825 791 2868 suae
820 2803 1069 2868 insurreccionis
1099 2805 1131 2866 in
1162 2823 1264 2887 regno
1292 2813 1369 2867 tunc
1395 2799 1549 2883 Angliae3
1588 2795 1674 2858 Item

324 2930 458 3005 propter
480 2923 649 3005 penuriam
674 2945 827 3008 magnam
851 2925 993 2989 surrexit
1015 2933 1094 2989 tunc
1116 2925 1267 3008 populus,
1281 2944 1356 3006 quae
1378 2941 1438 3004 per
1458 2919 1674 3002 cupiditatem

324 3042 543 3106 existendum
566 3044 651 3108 circa
667 3065 777 3127 regem
794 3054 827 3108 et
844 3065 902 3128 per
917 3045 1082 3110 delectum
1101 3044 1242 3127 justiciae
1266 3052 1299 3107 et
1321 3064 1365 3106 ex
1388 3039 1494 3106 causis
1510 3036 1675 3121 praedictis

324 3161 529 3228 habundavit
545 3164 577 3226 in
593 3163 718 3248 Anglia
733 3166 789 3229 illo
805 3176 965 3248 tempore.
1011 3165 1098 3228 Novi
1119 3165 1207 3228 enim
1229 3183 1329 3228 unum
1345 3161 1472 3226 fatuum
1487 3159 1543 3242 qui
1558 3155 1675 3220 habuit

324 3303 426 3345 unum
449 3303 607 3367 magnum
623 3285 924 3350 archidiaconatum
949 3295 984 3350 et
1006 3284 1052 3368 xij
1078 3285 1274 3368 praebendas
1298 3302 1443 3366 magnas.
1488 3279 1575 3342 Item
1599 3275 1675 3339 novi

324 3413 402 3467 tunc
433 3405 597 3469 medicum
625 3415 775 3489 nuptum,
803 3418 836 3472 et
865 3425 1005 3471 uxorem
1031 3425 1125 3470 suam
1152 3404 1401 3488 relinquentem,
1425 3397 1564 3466 retinere
1590 3397 1676 3460 duos

325 3543 464 3606 magnos
490 3525 680 3603 decanatus,
712 3538 745 3591 et
775 3548 874 3590 unam
906 3547 1059 3610 magnam
1091 3525 1272 3605 rectoriam,
1302 3532 1336 3588 et
1366 3524 1449 3588 duas
1480 3517 1674 3602 praebendas

325 3653 473 3726 magnas,
496 3656 531 3710 et
552 3646 610 3709 vix
637 3646 670 3710 in
699 3669 764 3712 uno
788 3648 948 3712 beneficio
972 3648 1119 3711 residens
1141 3647 1203 3710 suit
1229 3655 1263 3710 et
1286 3661 1453 3727 nunquam
1479 3641 1512 3704 ln
1534 3637 1617 3714 aliis,
1640 3647 1674 3702 et

324 3774 439 3828 contra
465 3765 549 3830 tales
575 3769 689 3831 ‘canes
717 3765 845 3832 mutos’
872 3768 1017 3851 loquitur
1041 3767 1172 3850 Ysayas
1198 3773 1251 3830 ca⁰
1273 3765 1330 3848 56⁰
1353 3773 1386 3828 et
1414 3762 1555 3828 Sanctus
1581 3759 1673 3842 Jero·

325 3885 432 3948 nlmus
454 3907 553 3968 super
574 3897 706 3952 textum
730 3888 862 3952 ibidem.

411 4015 448 4082 [p.
466 4014 539 4084 409·]
584 4007 630 4071 Et
645 4008 711 4072 vidi
734 4008 824 4073 illam
840 4005 1096 4095 (expositionem
1114 4006 1269 4072 Grostete
1285 4025 1354 4090 sup.
1371 4025 1423 4088 ep.
1440 4004 1477 4069 B.
1494 4002 1528 4068 P.
1545 4001 1612 4084 Ap·
1628 4001 1672 4066 ad

323 4123 434 4210 Tim),
464 4125 607 4191 Oxoniae
637 4147 724 4192 anno
751 4128 887 4192 Domini
915 4141 1006 4209 1450.
1060 4129 1099 4192 ln
1127 4149 1193 4211 quo
1220 4148 1315 4205 anno,
1340 4127 1373 4190 in
1403 4126 1527 4192 octavis
1558 4125 1673 4191 Sancti

323 4245 483 4326 johannis
498 4246 717 4332 evangelistae,
730 4249 783 4314 die
799 4247 972 4327 dominica,
988 4250 1117 4313 ostendi
1135 4250 1167 4313 in
1184 4269 1334 4313 sermone
1350 4267 1424 4312 meo
1441 4247 1472 4311 in
1489 4247 1623 4314 Oxonia
1640 4249 1672 4312 in

970 4367 991 4414 u
1011 4371 1027 4412 2
