4378 4936
506 389 547 469 96
881 392 979 447 LOCI
1005 392 1034 445 E
1063 391 1186 446 LIBRO
1222 391 1479 448 VERITATUM.

507 605 650 689 necligis.
697 606 729 670 Ο
748 627 848 689 quam
869 627 920 671 vae
942 607 1020 671 tibi!
1053 583 1109 688 qui
1129 614 1201 669 tam
1223 611 1349 670 ‘caecus
1372 606 1443 670 dux
1467 573 1710 684 es'caecorumss.
1728 619 1764 672 ut
1787 609 1856 672 Do·

508 726 616 790 minus
646 727 727 791 dicit
756 728 799 791 de
829 726 999 803 Phariseis,
1030 725 1159 790 Mathei
1189 733 1243 808 15⁰
1269 733 1331 802 ca⁰‚
1357 725 1419 790 Vae
1449 723 1523 790 tali!
1556 727 1634 809 quia
1662 727 1777 792 similis
1807 737 1857 792 est

507 847 565 922 illi,
588 848 630 911 de
654 869 720 930 quo
746 857 888 912 testatur
911 845 1059 912 Holcot1
1082 848 1114 912 in
1138 868 1298 924 sermone,
1321 849 1386 930 qui,
1417 857 1493 930 post
1517 857 1656 912 mortem
1681 869 1776 912 suam
1798 870 1857 932 ap·

507 988 633 1050 parens,
660 969 766 1033 dixit:
798 969 1025 1050 ‘Dampnatus
1052 989 1134 1042 sum,
1160 969 1237 1050 quia
1263 969 1307 1032 de
1331 967 1503 1032 voluntate
1529 989 1603 1033 mea
1629 968 1797 1053 implenda
1823 969 1856 1031 in

507 1099 597 1152 certo
623 1098 699 1153 actu
727 1109 856 1153 mecum
883 1089 945 1152 suit
972 1088 1208 1171 dispensatum,
1232 1088 1290 1151 sed
1315 1088 1407 1151 Deus
1433 1109 1499 1152 non
1522 1088 1639 1154 habuit
1661 1098 1779 1166 ratum,
1801 1089 1856 1171 qui

506 1209 595 1272 enim
611 1209 644 1272 in
662 1208 843 1292 Evangelio
855 1209 950 1288 dixit,
965 1208 1223 1291 “Quodcunque
1239 1207 1372 1272 solveris
1387 1229 1485 1291 super
1499 1205 1620 1273 terram
1636 1210 1696 1274 erit
1711 1209 1856 1273 solutum

507 1329 599 1392 etin
624 1329 743 1408 coelis,''
765 1349 830 1394 non
852 1329 939 1394 dixit
960 1329 1098 1404 homini,
1122 1328 1353 1411 Quodcunque
1377 1329 1519 1392 volueris
1546 1330 1580 1393 in
1607 1339 1694 1394 terra
1717 1329 1856 1393 volitum

507 1449 569 1514 erit
593 1450 628 1513 in
649 1450 761 1514 coelis?
806 1451 898 1514 Deus
923 1471 987 1514 non
1011 1449 1058 1514 sic
1082 1451 1177 1528 dixit,
1199 1470 1260 1513 nec
1286 1449 1332 1513 sic
1356 1449 1496 1532 intelligi
1521 1450 1633 1530 voluit,
1657 1460 1693 1514 ut
1715 1459 1857 1515 testatur

509 1569 672 1635 Ricardus
706 1572 749 1635 de
779 1571 903 1636 Sancto
932 1572 1068 1636 Victore
1100 1571 1134 1634 in
1167 1570 1250 1634 libro
1284 1591 1344 1634 suo
1374 1571 1428 1634 De
1460 1579 1627 1653 potestate
1656 1570 1857 1636 absolvendi.

510 1690 691 1756 Hominem
718 1693 805 1756 enim
832 1692 957 1774 aliquid
983 1692 1093 1776 ligare,
1120 1692 1346 1775 praesupponit
1376 1691 1457 1754 illud
1484 1692 1527 1755 ab
1553 1690 1688 1756 homine
1714 1691 1855 1774 ligabile,

507 1820 548 1875 et·
567 1813 686 1876 divinae
711 1813 873 1877 voluntati
896 1812 1107 1896 acceptabile,
1130 1812 1226 1876 aliter
1248 1812 1335 1874 enim
1357 1812 1446 1876 dicet
1469 1812 1641 1891 Dominus,
1663 1813 1747 1877 sicut
1770 1813 1856 1876 dixit

509 1929 673 1996 Dominus
696 1934 803 2011 Petro,
821 1933 948 1999 Mathei
975 1933 1036 2007 16⁰,
1053 1932 1166 1996 ‘Vade
1187 1943 1263 2015 post
1290 1951 1352 2010 me,
1369 1931 1513 2009 Satana,'
1533 1934 1553 1997 i.
1565 1954 1592 1996 e.
1616 1931 1647 1996 O
1670 1934 1856 1997 adversarie

506 2052 670 2118 voluntati
701 2075 793 2134 meae,
816 2075 952 2137 sequere
981 2053 1334 2136 voluntatemlmeam
1359 2053 1410 2117 cui
1441 2053 1654 2117 contradicis!
1693 2053 1856 2117 Dominus

508 2175 605 2250 enim,
635 2174 761 2238 Mathei
793 2175 854 2253 16⁰,
876 2185 953 2258 post
978 2174 1035 2238 illa
1057 2174 1158 2238 verba
1185 2175 1274 2238 dicta
1302 2174 1405 2248 Petro,
1430 2173 1679 2258 ‘Quodcunque
1704 2173 1856 2257 ligaveris

507 2291 583 2359 etc.’
599 2296 745 2360 ostendit
762 2292 885 2360 Sancto
902 2295 999 2359 Petro
1020 2295 1128 2378 ipsum
1145 2295 1250 2358 Xtum
1265 2293 1350 2359 velle
1371 2295 1452 2358 mori
1472 2315 1532 2379 pro
1555 2293 1661 2359 salute
1674 2295 1855 2360 hominurn.

509 2413 556 2479 Et
579 2415 693 2480 Petrus
709 2417 795 2480 dixit
817 2416 896 2494 Xto,
915 2416 1035 2480 ‘Absit
1057 2437 1077 2479 a
1101 2425 1144 2494 te,
1161 2416 1319 2479 Domine!
1344 2436 1408 2480 non
1432 2417 1493 2480 erit
1516 2417 1575 2480 tibi
1598 2414 1696 2495 hoc;’
1723 2427 1757 2480 et
1778 2417 1855 2499 quia

507 2536 711 2601 contradixit
727 2537 797 2600 Xto
813 2537 887 2600 ideo
903 2537 1067 2600 Dominus
1083 2536 1284 2601 contradixit
1305 2536 1412 2614 Petr0,
1427 2537 1548 2616 dicens,
1565 2537 1676 2601 ‘Vade
1695 2545 1772 2619 post
1792 2557 1855 2614 me,

509 2655 653 2732 Satana,'
671 2657 692 2719 i.
703 2678 730 2720 e.
751 2677 889 2739 sequere
908 2657 1113 2721 voluntatem
1137 2677 1254 2734 meam,
1274 2655 1482 2720 ‘scandalum
1507 2655 1603 2720 michi
1626 2678 1669 2734 es,
1689 2657 1766 2739 quia
1789 2677 1855 2720 non

508 2777 597 2858 sapis
627 2797 666 2840 ea
692 2797 767 2858 quae
794 2777 859 2841 Dei
889 2787 975 2852 sunt,
1002 2779 1060 2840 sed
1092 2798 1130 2840 ea
1162 2798 1237 2859 quae
1263 2786 1340 2841 sunt
1365 2774 1556 2841 hominum!
1602 2778 1686 2842 Haec
1714 2777 1854 2842 Sanctus

507 2897 695 2978 Jeronimus
710 2918 808 2981 super
822 2897 997 2962 Matheum
1018 2898 1051 2961 in
1069 2897 1317 2962 Commentario
1333 2918 1402 2976 su0,
1424 2908 1457 2961 et
1479 2897 1622 2962 Sanctus
1643 2899 1734 2962 Beda
1757 2920 1855 2984 super

509 3017 671 3082 Marcum.
726 3018 826 3082 Dicat
852 3040 930 3103 ergo
962 3019 1157 3100 dispensans
1183 3027 1217 3082 et
1247 3017 1415 3082 licenciam
1446 3018 1624 3101 recipiens:
1655 3019 1854 3104 ‘Quomodo

508 3137 567 3203 liet
593 3139 689 3218 istud,
713 3139 733 3204 i.
746 3160 775 3204 e.
802 3139 944 3224 qualiter
969 3139 1027 3203 fiet
1053 3140 1140 3204 istud
1168 3147 1202 3202 et
1229 3138 1369 3222 qualiter
1390 3147 1465 3202 utar
1487 3139 1551 3202 ista
1574 3139 1709 3204 licencia
1731 3141 1765 3204 in
1789 3141 1852 3204 Dei

507 3259 641 3324 laudem
664 3268 699 3323 et
721 3260 753 3322 in
776 3261 958 3324 animarum
981 3257 1156 3324 salutemi'

595 3379 626 3444 Ο
651 3379 796 3444 Domine
822 3380 934 3444 Deusl
965 3381 1118 3454 concede,
1142 3389 1178 3443 ut
1201 3379 1354 3442 dominus
1375 3400 1469 3463 papa,
1490 3389 1524 3444 et
1553 3381 1607 3444 alii
1630 3381 1853 3462 praesidentes,

389 3519 390 3522 ’
508 3501 599 3584 leges
638 3509 822 3566 statuentes
859 3509 893 3564 et
930 3501 1071 3574 decreta,
1103 3510 1137 3564 et
1173 3520 1249 3565 cum
1287 3499 1361 3582 lege
1397 3501 1636 3583 dispensantes,
1669 3509 1703 3565 et
1738 3512 1852 3566 contra

506 3629 640 3685 sanctos
668 3631 761 3686 actus
790 3621 1004 3696 licentiantes,
1030 3629 1066 3684 ut
1100 3641 1165 3683 non
1195 3619 1285 3698 fiant,
1313 3619 1366 3683 vel
1396 3629 1433 3684 ut
1460 3630 1553 3684 actus
1581 3621 1733 3686 contrarii
1762 3621 1852 3700 fiant,

507 3762 639 3826 semper
667 3743 778 3806 dicant
808 3743 968 3806 veraciter
1001 3761 1075 3805 curn
1106 3740 1177 3804 Xto
1208 3741 1240 3803 in
1271 3739 1473 3822 Evangelio:
1511 3741 1609 3804 ‘Non
1641 3743 1715 3805 veni
1745 3742 1853 3807 lacere

507 3863 712 3928 voluntatem
738 3883 855 3937 meam,
880 3863 938 3926 sed
964 3861 1169 3925 voluntatem
1196 3861 1267 3943 ejus
1293 3863 1348 3943 qui
1376 3861 1464 3924 misit
1488 3857 1559 3939 me,’
1584 3881 1628 3927 sc.
1652 3862 1716 3926 Dei
1740 3864 1852 3944 patris.

508 3981 672 4060 Concede,
697 3984 841 4049 Domine
866 3980 968 4065 Jesul
998 3991 1035 4046 ut
1057 3983 1211 4046 dominus
1233 4003 1321 4066 papa
1343 3983 1540 4065 respondeat
1565 3982 1652 4047 mala
1677 3993 1711 4048 et
1737 3993 1851 4048 contra

507 4104 648 4169 salutem
672 4106 791 4170 animae
813 4125 881 4168 suae
904 4113 938 4168 et
964 4112 1079 4168 contra
1104 4102 1246 4168 salutem
1270 4102 1408 4167 aliorum
1435 4103 1632 4186 petentibus,
1654 4104 1739 4170 sicut
1763 4103 1852 4170 Xtus

783 4239 792 4268 ¹
809 4238 934 4303 Probably
945 4239 1013 4290 Elias
1025 4238 1128 4302 Holcot,
1141 4239 1249 4290 Warden
1261 4238 1291 4288 oi
1299 4239 1405 4301 Merton,
1421 4239 1574 4304 1438-1455.
