<?xml version="1.0" encoding="UTF-8"?>
<!DOCTYPE html PUBLIC "-//W3C//DTD XHTML 1.0 Transitional//EN"
    "http://www.w3.org/TR/xhtml1/DTD/xhtml1-transitional.dtd">
<html xmlns="http://www.w3.org/1999/xhtml" xml:lang="en" lang="en">
 <head>
  <title>
</title>
<meta http-equiv="Content-Type" content="text/html;charset=utf-8" />
  <meta name='ocr-system' content='tesseract 3.04.00' />
  <meta name='ocr-capabilities' content='ocr_page ocr_carea ocr_par ocr_line ocrx_word'/>
</head>
<body>
  <div class='ocr_page' id='page_1' title='image "./locielibroverit01gascgoog_0264.png"; bbox 0 0 4378 4936; ppageno 0'>
   <div class='ocr_carea' id='block_1_1' title="bbox 743 415 1720 486">
    <p class='ocr_par' dir='ltr' id='par_1_1' title="bbox 743 415 1720 486">
     <span class='ocr_line' id='line_1_1' title="bbox 743 415 1720 486; baseline -0.002 -16"><span class='ocrx_word' id='word_1_1' title='bbox 743 417 842 470; x_wconf 87' lang='lat' dir='ltr'><em>LOCI</em></span> <span class='ocrx_word' id='word_1_2' title='bbox 869 416 898 469; x_wconf 89' lang='lat' dir='ltr'><em>E</em></span> <span class='ocrx_word' id='word_1_3' title='bbox 927 415 1052 471; x_wconf 85' lang='lat' dir='ltr'><em>LIBRO</em></span> <span class='ocrx_word' id='word_1_4' title='bbox 1088 415 1343 470; x_wconf 82' lang='lat' dir='ltr'><em>VERITATUM.</em></span> <span class='ocrx_word' id='word_1_5' title='bbox 1665 419 1720 486; x_wconf 84' lang='lat'>151</span> 
     </span>
    </p>
   </div>
   <div class='ocr_carea' id='block_1_2' title="bbox 372 629 1730 2526">
    <p class='ocr_par' dir='ltr' id='par_1_2' title="bbox 372 629 1730 2526">
     <span class='ocr_line' id='line_1_2' title="bbox 373 629 1725 714; baseline -0.001 -22"><span class='ocrx_word' id='word_1_6' title='bbox 373 650 439 693; x_wconf 90' lang='lat' dir='ltr'>non</span> <span class='ocrx_word' id='word_1_7' title='bbox 461 630 651 714; x_wconf 84' lang='lat' dir='ltr'>implebitur</span> <span class='ocrx_word' id='word_1_8' title='bbox 672 632 742 695; x_wconf 91' lang='lat' dir='ltr'>sine</span> <span class='ocrx_word' id='word_1_9' title='bbox 764 633 1005 714; x_wconf 89' lang='lat' dir='ltr'>perseverantia</span> <span class='ocrx_word' id='word_1_10' title='bbox 1027 632 1105 695; x_wconf 92' lang='lat' dir='ltr'>boni</span> <span class='ocrx_word' id='word_1_11' title='bbox 1129 633 1244 710; x_wconf 87' lang='lat' dir='ltr'>meriti,</span> <span class='ocrx_word' id='word_1_12' title='bbox 1260 641 1297 694; x_wconf 94' lang='lat' dir='ltr'>ut</span> <span class='ocrx_word' id='word_1_13' title='bbox 1319 639 1459 696; x_wconf 90' lang='lat' dir='ltr'>testatur</span> <span class='ocrx_word' id='word_1_14' title='bbox 1481 631 1598 695; x_wconf 92' lang='lat' dir='ltr'>doctor</span> <span class='ocrx_word' id='word_1_15' title='bbox 1622 629 1725 711; x_wconf 86' lang='lat' dir='ltr'>Hugo</span> 
     </span>
     <span class='ocr_line' id='line_1_3' title="bbox 374 750 1725 836; baseline -0.001 -22"><span class='ocrx_word' id='word_1_16' title='bbox 374 751 416 814; x_wconf 94' lang='lat' dir='ltr'>de</span> <span class='ocrx_word' id='word_1_17' title='bbox 445 751 586 830; x_wconf 86' lang='lat' dir='ltr'>Vienna,</span> <span class='ocrx_word' id='word_1_18' title='bbox 615 759 678 816; x_wconf 82' lang='lat' dir='ltr'>ca0.</span> <span class='ocrx_word' id='word_1_19' title='bbox 709 752 806 836; x_wconf 87' lang='lat' dir='ltr'>xviij⁰</span> <span class='ocrx_word' id='word_1_20' title='bbox 835 753 999 836; x_wconf 85' lang='lat' dir='ltr'>Jeremiae,</span> <span class='ocrx_word' id='word_1_21' title='bbox 1030 773 1091 816; x_wconf 92' lang='lat' dir='ltr'>nec</span> <span class='ocrx_word' id='word_1_22' title='bbox 1121 753 1294 835; x_wconf 89' lang='lat' dir='ltr'>permissio</span> <span class='ocrx_word' id='word_1_23' title='bbox 1330 771 1390 816; x_wconf 92' lang='lat' dir='ltr'>nec</span> <span class='ocrx_word' id='word_1_24' title='bbox 1423 751 1557 815; x_wconf 91' lang='lat' dir='ltr'>collatio</span> <span class='ocrx_word' id='word_1_25' title='bbox 1586 750 1725 832; x_wconf 85' lang='lat' dir='ltr'>alicujus</span> 
     </span>
     <span class='ocr_line' id='line_1_4' title="bbox 373 870 1726 957; baseline -0.002 -22"><span class='ocrx_word' id='word_1_26' title='bbox 373 873 452 936; x_wconf 91' lang='lat' dir='ltr'>boni</span> <span class='ocrx_word' id='word_1_27' title='bbox 478 872 670 955; x_wconf 85' lang='lat' dir='ltr'>temporalis</span> <span class='ocrx_word' id='word_1_28' title='bbox 697 883 905 957; x_wconf 79' lang='lat' dir='ltr'>permaneret</span> <span class='ocrx_word' id='word_1_29' title='bbox 929 895 990 937; x_wconf 92' lang='lat' dir='ltr'>nec</span> <span class='ocrx_word' id='word_1_30' title='bbox 1013 882 1197 937; x_wconf 87' lang='lat' dir='ltr'>remaneret</span> <span class='ocrx_word' id='word_1_31' title='bbox 1223 873 1286 936; x_wconf 92' lang='lat' dir='ltr'>illis</span> <span class='ocrx_word' id='word_1_32' title='bbox 1309 873 1457 956; x_wconf 91' lang='lat' dir='ltr'>personis</span> <span class='ocrx_word' id='word_1_33' title='bbox 1479 893 1500 935; x_wconf 85' lang='lat' dir='ltr'>a</span> <span class='ocrx_word' id='word_1_34' title='bbox 1522 872 1642 954; x_wconf 92' lang='lat' dir='ltr'>quibus</span> <span class='ocrx_word' id='word_1_35' title='bbox 1664 870 1726 934; x_wconf 91' lang='lat' dir='ltr'>Xti</span> 
     </span>
     <span class='ocr_line' id='line_1_5' title="bbox 373 992 1727 1077; baseline -0.002 -20"><span class='ocrx_word' id='word_1_36' title='bbox 373 993 513 1057; x_wconf 88' lang='lat' dir='ltr'>vicarius</span> <span class='ocrx_word' id='word_1_37' title='bbox 531 995 685 1058; x_wconf 85' lang='lat' dir='ltr'>dominus</span> <span class='ocrx_word' id='word_1_38' title='bbox 706 1009 794 1077; x_wconf 76' lang='lat' dir='ltr'>papa</span> <span class='ocrx_word' id='word_1_39' title='bbox 816 995 941 1059; x_wconf 89' lang='lat' dir='ltr'>indicat</span> <span class='ocrx_word' id='word_1_40' title='bbox 963 994 1019 1058; x_wconf 91' lang='lat' dir='ltr'>illa</span> <span class='ocrx_word' id='word_1_41' title='bbox 1041 995 1160 1058; x_wconf 83' lang='lat' dir='ltr'>retrahi</span> <span class='ocrx_word' id='word_1_42' title='bbox 1184 1003 1218 1058; x_wconf 91' lang='lat' dir='ltr'>et</span> <span class='ocrx_word' id='word_1_43' title='bbox 1239 995 1272 1056; x_wconf 92' lang='lat' dir='ltr'>in</span> <span class='ocrx_word' id='word_1_44' title='bbox 1293 993 1445 1057; x_wconf 90' lang='lat' dir='ltr'>meliores</span> <span class='ocrx_word' id='word_1_45' title='bbox 1463 1014 1541 1056; x_wconf 90' lang='lat' dir='ltr'>usus</span> <span class='ocrx_word' id='word_1_46' title='bbox 1562 992 1727 1070; x_wconf 87' lang='lat' dir='ltr'>converti;</span> 
     </span>
     <span class='ocr_line' id='line_1_6' title="bbox 375 1114 1726 1198; baseline -0.001 -21"><span class='ocrx_word' id='word_1_47' title='bbox 375 1115 539 1178; x_wconf 84' lang='lat' dir='ltr'>Dominus</span> <span class='ocrx_word' id='word_1_48' title='bbox 562 1117 650 1180; x_wconf 91' lang='lat' dir='ltr'>enim</span> <span class='ocrx_word' id='word_1_49' title='bbox 673 1117 825 1198; x_wconf 91' lang='lat' dir='ltr'>promisit</span> <span class='ocrx_word' id='word_1_50' title='bbox 847 1137 883 1180; x_wconf 92' lang='lat' dir='ltr'>se</span> <span class='ocrx_word' id='word_1_51' title='bbox 906 1116 1032 1197; x_wconf 86' lang='lat' dir='ltr'>Judaeis</span> <span class='ocrx_word' id='word_1_52' title='bbox 1055 1115 1201 1180; x_wconf 81' lang='lat' dir='ltr'>conferre</span> <span class='ocrx_word' id='word_1_53' title='bbox 1224 1114 1319 1197; x_wconf 82' lang='lat' dir='ltr'>plura</span> <span class='ocrx_word' id='word_1_54' title='bbox 1341 1116 1430 1178; x_wconf 89' lang='lat' dir='ltr'>bona</span> <span class='ocrx_word' id='word_1_55' title='bbox 1455 1132 1556 1196; x_wconf 89' lang='lat' dir='ltr'>quarn</span> <span class='ocrx_word' id='word_1_56' title='bbox 1579 1133 1726 1195; x_wconf 89' lang='lat' dir='ltr'>unquam</span> 
     </span>
     <span class='ocr_line' id='line_1_7' title="bbox 375 1236 1727 1320; baseline -0.001 -22"><span class='ocrx_word' id='word_1_57' title='bbox 375 1236 422 1298; x_wconf 91' lang='lat' dir='ltr'>eis</span> <span class='ocrx_word' id='word_1_58' title='bbox 445 1236 594 1314; x_wconf 91' lang='lat' dir='ltr'>contulit,</span> <span class='ocrx_word' id='word_1_59' title='bbox 616 1237 695 1320; x_wconf 91' lang='lat' dir='ltr'>quia</span> <span class='ocrx_word' id='word_1_60' title='bbox 716 1238 837 1301; x_wconf 93' lang='lat' dir='ltr'>vicium</span> <span class='ocrx_word' id='word_1_61' title='bbox 865 1247 898 1301; x_wconf 92' lang='lat' dir='ltr'>et</span> <span class='ocrx_word' id='word_1_62' title='bbox 925 1247 1098 1319; x_wconf 87' lang='lat' dir='ltr'>peccatum</span> <span class='ocrx_word' id='word_1_63' title='bbox 1126 1257 1240 1300; x_wconf 87' lang='lat' dir='ltr'>eorum</span> <span class='ocrx_word' id='word_1_64' title='bbox 1268 1257 1366 1300; x_wconf 88' lang='lat' dir='ltr'>causa</span> <span class='ocrx_word' id='word_1_65' title='bbox 1387 1237 1448 1300; x_wconf 90' lang='lat' dir='ltr'>luit</span> <span class='ocrx_word' id='word_1_66' title='bbox 1471 1238 1561 1318; x_wconf 90' lang='lat' dir='ltr'>quod</span> <span class='ocrx_word' id='word_1_67' title='bbox 1586 1255 1652 1298; x_wconf 93' lang='lat' dir='ltr'>non</span> <span class='ocrx_word' id='word_1_68' title='bbox 1678 1255 1727 1298; x_wconf 90' lang='lat' dir='ltr'>re·</span> 
     </span>
     <span class='ocr_line' id='line_1_8' title="bbox 375 1357 1727 1441; baseline -0.001 -22"><span class='ocrx_word' id='word_1_69' title='bbox 375 1367 533 1439; x_wconf 90' lang='lat' dir='ltr'>ceperunt</span> <span class='ocrx_word' id='word_1_70' title='bbox 562 1359 725 1440; x_wconf 86' lang='lat' dir='ltr'>promissa·</span> <span class='ocrx_word' id='word_1_71' title='bbox 756 1359 802 1422; x_wconf 91' lang='lat' dir='ltr'>eis</span> <span class='ocrx_word' id='word_1_72' title='bbox 831 1382 851 1423; x_wconf 91' lang='lat' dir='ltr'>a</span> <span class='ocrx_word' id='word_1_73' title='bbox 882 1359 965 1436; x_wconf 91' lang='lat' dir='ltr'>De0‚</span> <span class='ocrx_word' id='word_1_74' title='bbox 993 1369 1026 1422; x_wconf 92' lang='lat' dir='ltr'>et</span> <span class='ocrx_word' id='word_1_75' title='bbox 1057 1359 1211 1441; x_wconf 87' lang='lat' dir='ltr'>indignos</span> <span class='ocrx_word' id='word_1_76' title='bbox 1240 1380 1277 1422; x_wconf 91' lang='lat' dir='ltr'>se</span> <span class='ocrx_word' id='word_1_77' title='bbox 1307 1357 1454 1422; x_wconf 88' lang='lat' dir='ltr'>lecerunt</span> <span class='ocrx_word' id='word_1_78' title='bbox 1484 1358 1631 1441; x_wconf 89' lang='lat' dir='ltr'>accipere</span> <span class='ocrx_word' id='word_1_79' title='bbox 1662 1357 1727 1419; x_wconf 86' lang='lat' dir='ltr'>Dei</span> 
     </span>
     <span class='ocr_line' id='line_1_9' title="bbox 375 1479 1727 1561; baseline 0.001 -21"><span class='ocrx_word' id='word_1_80' title='bbox 375 1479 587 1560; x_wconf 91' lang='lat' dir='ltr'>sponsionem</span> <span class='ocrx_word' id='word_1_81' title='bbox 614 1527 621 1541; x_wconf 90' lang='lat'><strong>.</strong></span> <span class='ocrx_word' id='word_1_82' title='bbox 649 1527 657 1542; x_wconf 92' lang='lat'><strong>.</strong></span> <span class='ocrx_word' id='word_1_83' title='bbox 684 1528 690 1541; x_wconf 91' lang='lat'>.</span> <span class='ocrx_word' id='word_1_84' title='bbox 716 1479 878 1543; x_wconf 89' lang='lat' dir='ltr'>consimili</span> <span class='ocrx_word' id='word_1_85' title='bbox 902 1481 945 1543; x_wconf 92' lang='lat' dir='ltr'>de</span> <span class='ocrx_word' id='word_1_86' title='bbox 971 1500 1070 1543; x_wconf 87' lang='lat' dir='ltr'>causa</span> <span class='ocrx_word' id='word_1_87' title='bbox 1098 1489 1131 1542; x_wconf 92' lang='lat' dir='ltr'>et</span> <span class='ocrx_word' id='word_1_88' title='bbox 1158 1479 1373 1543; x_wconf 83' lang='lat' dir='ltr'>consimiliter</span> <span class='ocrx_word' id='word_1_89' title='bbox 1399 1480 1468 1561; x_wconf 88' lang='lat' dir='ltr'>ejus</span> <span class='ocrx_word' id='word_1_90' title='bbox 1495 1479 1643 1557; x_wconf 85' lang='lat' dir='ltr'>vicarius,</span> <span class='ocrx_word' id='word_1_91' title='bbox 1667 1479 1727 1542; x_wconf 87' lang='lat' dir='ltr'>do·</span> 
     </span>
     <span class='ocr_line' id='line_1_10' title="bbox 377 1599 1727 1684; baseline 0.001 -23"><span class='ocrx_word' id='word_1_92' title='bbox 377 1599 485 1662; x_wconf 89' lang='lat' dir='ltr'>minus</span> <span class='ocrx_word' id='word_1_93' title='bbox 515 1621 612 1682; x_wconf 88' lang='lat' dir='ltr'>papa,</span> <span class='ocrx_word' id='word_1_94' title='bbox 641 1611 752 1684; x_wconf 90' lang='lat' dir='ltr'>potest</span> <span class='ocrx_word' id='word_1_95' title='bbox 783 1621 940 1664; x_wconf 89' lang='lat' dir='ltr'>concessa</span> <span class='ocrx_word' id='word_1_96' title='bbox 970 1621 1122 1665; x_wconf 89' lang='lat' dir='ltr'>revocare</span> <span class='ocrx_word' id='word_1_97' title='bbox 1152 1611 1186 1665; x_wconf 92' lang='lat' dir='ltr'>et</span> <span class='ocrx_word' id='word_1_98' title='bbox 1219 1601 1395 1684; x_wconf 88' lang='lat' dir='ltr'>disponere</span> <span class='ocrx_word' id='word_1_99' title='bbox 1425 1601 1468 1664; x_wconf 81' lang='lat' dir='ltr'>ad</span> <span class='ocrx_word' id='word_1_100' title='bbox 1500 1601 1563 1664; x_wconf 92' lang='lat' dir='ltr'>Dei</span> <span class='ocrx_word' id='word_1_101' title='bbox 1595 1600 1727 1663; x_wconf 91' lang='lat' dir='ltr'>laudem</span> 
     </span>
     <span class='ocr_line' id='line_1_11' title="bbox 376 1720 1727 1803; baseline 0.001 -22"><span class='ocrx_word' id='word_1_102' title='bbox 376 1729 410 1782; x_wconf 92' lang='lat' dir='ltr'>et</span> <span class='ocrx_word' id='word_1_103' title='bbox 447 1720 587 1784; x_wconf 90' lang='lat' dir='ltr'>salutem</span> <span class='ocrx_word' id='word_1_104' title='bbox 622 1721 807 1785; x_wconf 81' lang='lat' dir='ltr'>animarum</span> <span class='ocrx_word' id='word_1_105' title='bbox 842 1722 1024 1785; x_wconf 92' lang='lat' dir='ltr'>secundum</span> <span class='ocrx_word' id='word_1_106' title='bbox 1058 1723 1147 1803; x_wconf 88' lang='lat' dir='ltr'>quod</span> <span class='ocrx_word' id='word_1_107' title='bbox 1180 1721 1308 1803; x_wconf 89' lang='lat' dir='ltr'>judicat</span> <span class='ocrx_word' id='word_1_108' title='bbox 1342 1722 1405 1785; x_wconf 91' lang='lat' dir='ltr'>hoc</span> <span class='ocrx_word' id='word_1_109' title='bbox 1441 1742 1513 1784; x_wconf 90' lang='lat' dir='ltr'>esse</span> <span class='ocrx_word' id='word_1_110' title='bbox 1546 1739 1727 1785; x_wconf 90' lang='lat' dir='ltr'>consonum</span> 
     </span>
     <span class='ocr_line' id='line_1_12' title="bbox 376 1839 1728 1924; baseline 0.001 -22"><span class='ocrx_word' id='word_1_111' title='bbox 376 1839 496 1902; x_wconf 86' lang='lat' dir='ltr'>divinae</span> <span class='ocrx_word' id='word_1_112' title='bbox 526 1841 708 1916; x_wconf 83' lang='lat' dir='ltr'>voluntati3</span> <span class='ocrx_word' id='word_1_113' title='bbox 743 1842 827 1905; x_wconf 91' lang='lat' dir='ltr'>sicut</span> <span class='ocrx_word' id='word_1_114' title='bbox 857 1862 989 1924; x_wconf 89' lang='lat' dir='ltr'>semper</span> <span class='ocrx_word' id='word_1_115' title='bbox 1015 1843 1168 1905; x_wconf 90' lang='lat' dir='ltr'>dominus</span> <span class='ocrx_word' id='word_1_116' title='bbox 1195 1863 1282 1924; x_wconf 90' lang='lat' dir='ltr'>papa</span> <span class='ocrx_word' id='word_1_117' title='bbox 1313 1843 1476 1906; x_wconf 88' lang='lat' dir='ltr'>concessit</span> <span class='ocrx_word' id='word_1_118' title='bbox 1502 1843 1665 1924; x_wconf 83' lang='lat' dir='ltr'>prioratus</span> <span class='ocrx_word' id='word_1_119' title='bbox 1695 1841 1728 1903; x_wconf 93' lang='lat' dir='ltr'>in</span> 
     </span>
     <span class='ocr_line' id='line_1_13' title="bbox 376 1959 1728 2045; baseline 0.001 -21"><span class='ocrx_word' id='word_1_120' title='bbox 376 1959 503 2044; x_wconf 85' lang='lat' dir='ltr'>Anglia</span> <span class='ocrx_word' id='word_1_121' title='bbox 519 1970 552 2024; x_wconf 91' lang='lat' dir='ltr'>et</span> <span class='ocrx_word' id='word_1_122' title='bbox 568 1962 717 2026; x_wconf 90' lang='lat' dir='ltr'>redditus</span> <span class='ocrx_word' id='word_1_123' title='bbox 734 1981 856 2038; x_wconf 89' lang='lat' dir='ltr'>eorum,</span> <span class='ocrx_word' id='word_1_124' title='bbox 873 1964 929 2045; x_wconf 92' lang='lat' dir='ltr'>qui</span> <span class='ocrx_word' id='word_1_125' title='bbox 946 1963 1076 2026; x_wconf 90' lang='lat' dir='ltr'>luerunt</span> <span class='ocrx_word' id='word_1_126' title='bbox 1094 1963 1174 2025; x_wconf 89' lang='lat' dir='ltr'>olim</span> <span class='ocrx_word' id='word_1_127' title='bbox 1191 1962 1283 2027; x_wconf 86' lang='lat' dir='ltr'>cellae</span> <span class='ocrx_word' id='word_1_128' title='bbox 1305 1963 1509 2027; x_wconf 85' lang='lat' dir='ltr'>monasteriis</span> <span class='ocrx_word' id='word_1_129' title='bbox 1529 1963 1562 2024; x_wconf 90' lang='lat' dir='ltr'>in</span> <span class='ocrx_word' id='word_1_130' title='bbox 1583 1962 1728 2039; x_wconf 80' lang='lat' dir='ltr'>Francia,</span> 
     </span>
     <span class='ocr_line' id='line_1_14' title="bbox 372 2081 1729 2165; baseline 0.001 -22"><span class='ocrx_word' id='word_1_131' title='bbox 372 2095 421 2143; x_wconf 77' lang='lat' dir='ltr'>&#39;ex</span> <span class='ocrx_word' id='word_1_132' title='bbox 444 2083 534 2144; x_wconf 93' lang='lat' dir='ltr'>dono</span> <span class='ocrx_word' id='word_1_133' title='bbox 558 2083 643 2165; x_wconf 87' lang='lat' dir='ltr'>regis</span> <span class='ocrx_word' id='word_1_134' title='bbox 662 2082 821 2146; x_wconf 92' lang='lat' dir='ltr'>Willelmi</span> <span class='ocrx_word' id='word_1_135' title='bbox 846 2081 1091 2165; x_wconf 89' lang='lat' dir='ltr'>Conquestoris,</span> <span class='ocrx_word' id='word_1_136' title='bbox 1114 2083 1253 2165; x_wconf 86' lang='lat' dir='ltr'>collegio</span> <span class='ocrx_word' id='word_1_137' title='bbox 1278 2084 1321 2146; x_wconf 93' lang='lat' dir='ltr'>de</span> <span class='ocrx_word' id='word_1_138' title='bbox 1348 2083 1437 2146; x_wconf 91' lang='lat' dir='ltr'>Eton</span> <span class='ocrx_word' id='word_1_139' title='bbox 1458 2082 1558 2164; x_wconf 84' lang='lat' dir='ltr'>juxta</span> <span class='ocrx_word' id='word_1_140' title='bbox 1579 2081 1729 2164; x_wconf 91' lang='lat' dir='ltr'>Wynde·</span> 
     </span>
     <span class='ocr_line' id='line_1_15' title="bbox 378 2202 1729 2286; baseline 0.001 -22"><span class='ocrx_word' id='word_1_141' title='bbox 378 2221 486 2265; x_wconf 86' lang='lat' dir='ltr'>soram</span> <span class='ocrx_word' id='word_1_142' title='bbox 503 2213 537 2266; x_wconf 93' lang='lat' dir='ltr'>et</span> <span class='ocrx_word' id='word_1_143' title='bbox 552 2203 693 2286; x_wconf 79' lang='lat' dir='ltr'>collegio</span> <span class='ocrx_word' id='word_1_144' title='bbox 709 2204 829 2286; x_wconf 85' lang='lat' dir='ltr'>Regali</span> <span class='ocrx_word' id='word_1_145' title='bbox 845 2203 878 2266; x_wconf 93' lang='lat' dir='ltr'>in</span> <span class='ocrx_word' id='word_1_146' title='bbox 896 2203 1118 2286; x_wconf 85' lang='lat' dir='ltr'>Cantabrigia.</span> <span class='ocrx_word' id='word_1_147' title='bbox 1132 2251 1140 2267; x_wconf 89' lang='lat'><strong>.</strong></span> <span class='ocrx_word' id='word_1_148' title='bbox 1155 2202 1292 2267; x_wconf 89' lang='lat' dir='ltr'>..Sicut</span> <span class='ocrx_word' id='word_1_149' title='bbox 1308 2223 1368 2266; x_wconf 91' lang='lat' dir='ltr'>rex</span> <span class='ocrx_word' id='word_1_150' title='bbox 1385 2202 1522 2285; x_wconf 84' lang='lat' dir='ltr'>Angliae&#39;</span> <span class='ocrx_word' id='word_1_151' title='bbox 1536 2225 1580 2266; x_wconf 91' lang='lat' dir='ltr'>ex</span> <span class='ocrx_word' id='word_1_152' title='bbox 1595 2222 1729 2267; x_wconf 91' lang='lat' dir='ltr'>conces-</span> 
     </span>
     <span class='ocr_line' id='line_1_16' title="bbox 378 2322 1730 2406; baseline 0.001 -22"><span class='ocrx_word' id='word_1_153' title='bbox 378 2323 470 2385; x_wconf 91' lang='lat' dir='ltr'>sione</span> <span class='ocrx_word' id='word_1_154' title='bbox 499 2344 596 2406; x_wconf 86' lang='lat' dir='ltr'>papae</span> <span class='ocrx_word' id='word_1_155' title='bbox 626 2324 703 2387; x_wconf 93' lang='lat' dir='ltr'>tulit</span> <span class='ocrx_word' id='word_1_156' title='bbox 732 2345 752 2387; x_wconf 86' lang='lat' dir='ltr'>a</span> <span class='ocrx_word' id='word_1_157' title='bbox 782 2325 859 2387; x_wconf 90' lang='lat' dir='ltr'>viris</span> <span class='ocrx_word' id='word_1_158' title='bbox 890 2324 1058 2406; x_wconf 85' lang='lat' dir='ltr'>religiosis,</span> <span class='ocrx_word' id='word_1_159' title='bbox 1088 2324 1143 2405; x_wconf 93' lang='lat' dir='ltr'>qui</span> <span class='ocrx_word' id='word_1_160' title='bbox 1173 2323 1377 2388; x_wconf 88' lang='lat' dir='ltr'>vocabantur</span> <span class='ocrx_word' id='word_1_161' title='bbox 1406 2322 1597 2406; x_wconf 89' lang='lat' dir='ltr'>Templarii,</span> <span class='ocrx_word' id='word_1_162' title='bbox 1627 2333 1730 2386; x_wconf 85' lang='lat' dir='ltr'>terras</span> 
     </span>
     <span class='ocr_line' id='line_1_17' title="bbox 378 2443 1729 2526; baseline 0.001 -21"><span class='ocrx_word' id='word_1_163' title='bbox 378 2463 464 2521; x_wconf 88' lang='lat' dir='ltr'>suas,</span> <span class='ocrx_word' id='word_1_164' title='bbox 493 2444 605 2507; x_wconf 91' lang='lat' dir='ltr'>dando</span> <span class='ocrx_word' id='word_1_165' title='bbox 639 2465 695 2508; x_wconf 93' lang='lat' dir='ltr'>eas</span> <span class='ocrx_word' id='word_1_166' title='bbox 725 2444 797 2508; x_wconf 88' lang='lat' dir='ltr'>aliis</span> <span class='ocrx_word' id='word_1_167' title='bbox 827 2445 903 2507; x_wconf 91' lang='lat' dir='ltr'>viris</span> <span class='ocrx_word' id='word_1_168' title='bbox 933 2444 1028 2507; x_wconf 92' lang='lat' dir='ltr'>bonis</span> <span class='ocrx_word' id='word_1_169' title='bbox 1058 2453 1093 2507; x_wconf 90' lang='lat' dir='ltr'>et</span> <span class='ocrx_word' id='word_1_170' title='bbox 1120 2443 1228 2524; x_wconf 90' lang='lat' dir='ltr'>justis,</span> <span class='ocrx_word' id='word_1_171' title='bbox 1259 2453 1293 2507; x_wconf 91' lang='lat' dir='ltr'>et</span> <span class='ocrx_word' id='word_1_172' title='bbox 1323 2464 1411 2526; x_wconf 89' lang='lat' dir='ltr'>papa</span> <span class='ocrx_word' id='word_1_173' title='bbox 1440 2444 1605 2507; x_wconf 86' lang='lat' dir='ltr'>destruxit</span> <span class='ocrx_word' id='word_1_174' title='bbox 1638 2443 1729 2507; x_wconf 91' lang='lat' dir='ltr'>illam</span> 
     </span>
    </p>
   </div>
   <div class='ocr_carea' id='block_1_3' title="bbox 378 2563 1730 2647">
    <p class='ocr_par' dir='ltr' id='par_1_3' title="bbox 378 2547 1730 2647">
     <span class='ocr_line' id='line_1_18' title="bbox 378 2563 1730 2647; baseline 0.001 -22"><span class='ocrx_word' id='word_1_175' title='bbox 378 2563 570 2646; x_wconf 89' lang='lat' dir='ltr'>religionem</span> <span class='ocrx_word' id='word_1_176' title='bbox 601 2565 876 2647; x_wconf 87' lang='lat' dir='ltr'>Templariorum,</span> <span class='ocrx_word' id='word_1_177' title='bbox 907 2566 954 2628; x_wconf 91' lang='lat' dir='ltr'>ita</span> <span class='ocrx_word' id='word_1_178' title='bbox 985 2573 1022 2628; x_wconf 92' lang='lat' dir='ltr'>ut</span> <span class='ocrx_word' id='word_1_179' title='bbox 1053 2564 1210 2646; x_wconf 86' lang='lat' dir='ltr'>deinceps</span> <span class='ocrx_word' id='word_1_180' title='bbox 1241 2563 1351 2626; x_wconf 89' lang='lat' dir='ltr'>nullus</span> <span class='ocrx_word' id='word_1_181' title='bbox 1380 2574 1467 2627; x_wconf 88' lang='lat' dir='ltr'>esset</span> <span class='ocrx_word' id='word_1_182' title='bbox 1496 2565 1538 2627; x_wconf 89' lang='lat' dir='ltr'>de</span> <span class='ocrx_word' id='word_1_183' title='bbox 1569 2563 1626 2627; x_wconf 87' lang='lat' dir='ltr'>illa</span> <span class='ocrx_word' id='word_1_184' title='bbox 1656 2565 1730 2628; x_wconf 91' lang='lat' dir='ltr'>reli·</span> 
     </span>
    </p>
   </div>
   <div class='ocr_carea' id='block_1_4' title="bbox 378 2683 1734 4217">
    <p class='ocr_par' dir='ltr' id='par_1_4' title="bbox 378 2683 1729 3009">
     <span class='ocr_line' id='line_1_19' title="bbox 378 2683 1729 2768; baseline 0.001 -22"><span class='ocrx_word' id='word_1_185' title='bbox 378 2685 485 2766; x_wconf 88' lang='lat' dir='ltr'>gione,</span> <span class='ocrx_word' id='word_1_186' title='bbox 508 2696 545 2748; x_wconf 91' lang='lat' dir='ltr'>ut</span> <span class='ocrx_word' id='word_1_187' title='bbox 571 2694 664 2766; x_wconf 88' lang='lat' dir='ltr'>patet</span> <span class='ocrx_word' id='word_1_188' title='bbox 691 2688 724 2749; x_wconf 93' lang='lat' dir='ltr'>in</span> <span class='ocrx_word' id='word_1_189' title='bbox 751 2685 850 2748; x_wconf 85' lang='lat' dir='ltr'>bullis</span> <span class='ocrx_word' id='word_1_190' title='bbox 878 2687 975 2768; x_wconf 68' lang='lat' dir='ltr'>Papae</span> <span class='ocrx_word' id='word_1_191' title='bbox 1000 2684 1152 2760; x_wconf 88' lang='lat' dir='ltr'>Romani,</span> <span class='ocrx_word' id='word_1_192' title='bbox 1180 2702 1262 2765; x_wconf 88' lang='lat' dir='ltr'>quas</span> <span class='ocrx_word' id='word_1_193' title='bbox 1288 2683 1403 2747; x_wconf 82' lang='lat' dir='ltr'>recitat</span> <span class='ocrx_word' id='word_1_194' title='bbox 1430 2685 1581 2766; x_wconf 85' lang='lat' dir='ltr'>egregius</span> <span class='ocrx_word' id='word_1_195' title='bbox 1603 2685 1729 2759; x_wconf 90' lang='lat' dir='ltr'>doctor,</span> 
     </span>
     <span class='ocr_line' id='line_1_20' title="bbox 380 2805 1729 2887; baseline 0.002 -20"><span class='ocrx_word' id='word_1_196' title='bbox 380 2805 541 2887; x_wconf 88' lang='lat' dir='ltr'>Magister</span> <span class='ocrx_word' id='word_1_197' title='bbox 571 2806 757 2869; x_wconf 90' lang='lat' dir='ltr'>Willelmus</span> <span class='ocrx_word' id='word_1_198' title='bbox 789 2808 832 2870; x_wconf 91' lang='lat' dir='ltr'>de</span> <span class='ocrx_word' id='word_1_199' title='bbox 860 2805 1028 2880; x_wconf 85' lang='lat' dir='ltr'>Alverina‚</span> <span class='ocrx_word' id='word_1_200' title='bbox 1060 2805 1234 2887; x_wconf 88' lang='lat' dir='ltr'>episcopus</span> <span class='ocrx_word' id='word_1_201' title='bbox 1264 2805 1433 2886; x_wconf 88' lang='lat' dir='ltr'>quondam</span> <span class='ocrx_word' id='word_1_202' title='bbox 1469 2805 1666 2885; x_wconf 87' lang='lat' dir='ltr'>Parisiensis‚</span> <span class='ocrx_word' id='word_1_203' title='bbox 1696 2808 1729 2870; x_wconf 91' lang='lat' dir='ltr'>in</span> 
     </span>
     <span class='ocr_line' id='line_1_21' title="bbox 379 2927 1105 3009; baseline 0.004 -22"><span class='ocrx_word' id='word_1_204' title='bbox 379 2927 463 2989; x_wconf 90' lang='lat' dir='ltr'>libro</span> <span class='ocrx_word' id='word_1_205' title='bbox 486 2949 545 2990; x_wconf 90' lang='lat' dir='ltr'>suo</span> <span class='ocrx_word' id='word_1_206' title='bbox 569 2928 622 2990; x_wconf 91' lang='lat' dir='ltr'>De</span> <span class='ocrx_word' id='word_1_207' title='bbox 645 2928 929 3009; x_wconf 88' lang='lat' dir='ltr'>exempcionibus,</span> <span class='ocrx_word' id='word_1_208' title='bbox 953 2935 1015 2990; x_wconf 77' lang='lat' dir='ltr'>c&#39;a0.</span> <span class='ocrx_word' id='word_1_209' title='bbox 1042 2934 1105 2990; x_wconf 85' lang='lat'><strong>21⁰.</strong></span> 
     </span>
    </p>

    <p class='ocr_par' dir='ltr' id='par_1_5' title="bbox 380 3047 1734 4217">
     <span class='ocr_line' id='line_1_22' title="bbox 467 3047 1730 3130; baseline 0.002 -20"><span class='ocrx_word' id='word_1_210' title='bbox 467 3047 581 3129; x_wconf 89' lang='lat' dir='ltr'>Aliqui</span> <span class='ocrx_word' id='word_1_211' title='bbox 613 3050 761 3112; x_wconf 88' lang='lat' dir='ltr'>moderni</span> <span class='ocrx_word' id='word_1_212' title='bbox 792 3061 825 3113; x_wconf 87' lang='lat' dir='ltr'>et</span> <span class='ocrx_word' id='word_1_213' title='bbox 857 3049 976 3112; x_wconf 92' lang='lat' dir='ltr'>novelli</span> <span class='ocrx_word' id='word_1_214' title='bbox 1008 3049 1159 3126; x_wconf 88' lang='lat' dir='ltr'>scolares,</span> <span class='ocrx_word' id='word_1_215' title='bbox 1189 3048 1303 3130; x_wconf 88' lang='lat' dir='ltr'>pocius</span> <span class='ocrx_word' id='word_1_216' title='bbox 1333 3049 1440 3111; x_wconf 86' lang='lat' dir='ltr'>verbis</span> <span class='ocrx_word' id='word_1_217' title='bbox 1472 3049 1643 3112; x_wconf 90' lang='lat' dir='ltr'>hominum</span> <span class='ocrx_word' id='word_1_218' title='bbox 1674 3071 1730 3112; x_wconf 87' lang='lat' dir='ltr'>va·</span> 
     </span>
     <span class='ocr_line' id='line_1_23' title="bbox 380 3169 1731 3251; baseline 0.001 -20"><span class='ocrx_word' id='word_1_219' title='bbox 380 3179 494 3232; x_wconf 87' lang='lat' dir='ltr'>cantes</span> <span class='ocrx_word' id='word_1_220' title='bbox 519 3190 618 3251; x_wconf 88' lang='lat' dir='ltr'>quarn</span> <span class='ocrx_word' id='word_1_221' title='bbox 646 3171 871 3234; x_wconf 78' lang='lat' dir='ltr'>fundamentis</span> <span class='ocrx_word' id='word_1_222' title='bbox 897 3172 982 3232; x_wconf 89' lang='lat' dir='ltr'>veris</span> <span class='ocrx_word' id='word_1_223' title='bbox 1012 3171 1044 3233; x_wconf 93' lang='lat' dir='ltr'>in</span> <span class='ocrx_word' id='word_1_224' title='bbox 1074 3170 1153 3233; x_wconf 90' lang='lat' dir='ltr'>Deo·</span> <span class='ocrx_word' id='word_1_225' title='bbox 1175 3179 1208 3232; x_wconf 94' lang='lat' dir='ltr'>et</span> <span class='ocrx_word' id='word_1_226' title='bbox 1238 3169 1271 3232; x_wconf 95' lang='lat' dir='ltr'>in</span> <span class='ocrx_word' id='word_1_227' title='bbox 1301 3171 1458 3234; x_wconf 91' lang='lat' dir='ltr'>creaturis</span> <span class='ocrx_word' id='word_1_228' title='bbox 1484 3171 1550 3233; x_wconf 89' lang='lat' dir='ltr'>suis</span> <span class='ocrx_word' id='word_1_229' title='bbox 1577 3170 1731 3248; x_wconf 77' lang='lat' dir='ltr'>fundatis,</span> 
     </span>
     <span class='ocr_line' id='line_1_24' title="bbox 380 3292 1730 3374; baseline 0.001 -22"><span class='ocrx_word' id='word_1_230' title='bbox 380 3302 508 3371; x_wconf 91' lang='lat' dir='ltr'>ponunt</span> <span class='ocrx_word' id='word_1_231' title='bbox 539 3293 628 3373; x_wconf 91' lang='lat' dir='ltr'>quod</span> <span class='ocrx_word' id='word_1_232' title='bbox 666 3313 731 3356; x_wconf 95' lang='lat' dir='ltr'>non</span> <span class='ocrx_word' id='word_1_233' title='bbox 763 3293 839 3356; x_wconf 92' lang='lat' dir='ltr'>licet</span> <span class='ocrx_word' id='word_1_234' title='bbox 870 3293 1084 3373; x_wconf 86' lang='lat' dir='ltr'>interpretari,</span> <span class='ocrx_word' id='word_1_235' title='bbox 1114 3292 1174 3354; x_wconf 88' lang='lat' dir='ltr'>i.e.</span> <span class='ocrx_word' id='word_1_236' title='bbox 1204 3311 1381 3373; x_wconf 86' lang='lat' dir='ltr'>exponere,</span> <span class='ocrx_word' id='word_1_237' title='bbox 1412 3293 1512 3355; x_wconf 90' lang='lat' dir='ltr'>verba</span> <span class='ocrx_word' id='word_1_238' title='bbox 1543 3312 1638 3374; x_wconf 80' lang='lat' dir='ltr'>papae</span> <span class='ocrx_word' id='word_1_239' title='bbox 1669 3292 1730 3354; x_wconf 92' lang='lat' dir='ltr'>nisi</span> 
     </span>
     <span class='ocr_line' id='line_1_25' title="bbox 380 3411 1731 3496; baseline 0.002 -24"><span class='ocrx_word' id='word_1_240' title='bbox 380 3411 583 3474; x_wconf 89' lang='lat' dir='ltr'>secundum¹</span> <span class='ocrx_word' id='word_1_241' title='bbox 606 3413 881 3496; x_wconf 85' lang='lat' dir='ltr'>significationem</span> <span class='ocrx_word' id='word_1_242' title='bbox 902 3413 1077 3476; x_wconf 90' lang='lat' dir='ltr'>verborum</span> <span class='ocrx_word' id='word_1_243' title='bbox 1105 3412 1409 3494; x_wconf 83' lang='lat' dir='ltr'>grammaticalem3</span> <span class='ocrx_word' id='word_1_244' title='bbox 1440 3421 1554 3476; x_wconf 92' lang='lat' dir='ltr'>contra</span> <span class='ocrx_word' id='word_1_245' title='bbox 1579 3411 1659 3475; x_wconf 90' lang='lat' dir='ltr'>istos</span> <span class='ocrx_word' id='word_1_246' title='bbox 1685 3412 1731 3476; x_wconf 91' lang='lat' dir='ltr'>sic</span> 
     </span>
     <span class='ocr_line' id='line_1_26' title="bbox 380 3531 1732 3616; baseline 0 -22"><span class='ocrx_word' id='word_1_247' title='bbox 380 3532 529 3596; x_wconf 91' lang='lat' dir='ltr'>dicentes</span> <span class='ocrx_word' id='word_1_248' title='bbox 556 3543 634 3597; x_wconf 88' lang='lat' dir='ltr'>sunt</span> <span class='ocrx_word' id='word_1_249' title='bbox 660 3534 770 3616; x_wconf 89' lang='lat' dir='ltr'>plures</span> <span class='ocrx_word' id='word_1_250' title='bbox 796 3534 986 3598; x_wconf 84' lang='lat' dir='ltr'>evidenciae.</span> <span class='ocrx_word' id='word_1_251' title='bbox 1036 3533 1125 3596; x_wconf 88' lang='lat' dir='ltr'>Xtus</span> <span class='ocrx_word' id='word_1_252' title='bbox 1149 3532 1237 3595; x_wconf 92' lang='lat' dir='ltr'>enim</span> <span class='ocrx_word' id='word_1_253' title='bbox 1261 3533 1358 3614; x_wconf 87' lang='lat' dir='ltr'>plura</span> <span class='ocrx_word' id='word_1_254' title='bbox 1381 3533 1468 3596; x_wconf 91' lang='lat' dir='ltr'>dixit</span> <span class='ocrx_word' id='word_1_255' title='bbox 1491 3553 1566 3614; x_wconf 85' lang='lat' dir='ltr'>quae</span> <span class='ocrx_word' id='word_1_256' title='bbox 1589 3532 1633 3596; x_wconf 83' lang='lat' dir='ltr'>ab</span> <span class='ocrx_word' id='word_1_257' title='bbox 1660 3531 1732 3595; x_wconf 89' lang='lat' dir='ltr'>aliis</span> 
     </span>
     <span class='ocr_line' id='line_1_27' title="bbox 381 3652 1732 3738; baseline -0.001 -22"><span class='ocrx_word' id='word_1_258' title='bbox 381 3653 504 3716; x_wconf 89' lang='lat' dir='ltr'>sanctis</span> <span class='ocrx_word' id='word_1_259' title='bbox 538 3654 616 3717; x_wconf 92' lang='lat' dir='ltr'>viris</span> <span class='ocrx_word' id='word_1_260' title='bbox 651 3655 774 3738; x_wconf 90' lang='lat' dir='ltr'>exponi</span> <span class='ocrx_word' id='word_1_261' title='bbox 809 3655 915 3719; x_wconf 87' lang='lat' dir='ltr'>voluit</span> <span class='ocrx_word' id='word_1_262' title='bbox 953 3663 986 3717; x_wconf 95' lang='lat' dir='ltr'>et</span> <span class='ocrx_word' id='word_1_263' title='bbox 1021 3653 1189 3730; x_wconf 85' lang='lat' dir='ltr'>declarari,</span> <span class='ocrx_word' id='word_1_264' title='bbox 1224 3653 1312 3716; x_wconf 93' lang='lat' dir='ltr'>unde</span> <span class='ocrx_word' id='word_1_265' title='bbox 1347 3653 1550 3735; x_wconf 88' lang='lat' dir='ltr'>evangelista</span> <span class='ocrx_word' id='word_1_266' title='bbox 1589 3652 1732 3717; x_wconf 89' lang='lat' dir='ltr'>Sanctus</span> 
     </span>
     <span class='ocr_line' id='line_1_28' title="bbox 381 3772 1732 3858; baseline 0.001 -22"><span class='ocrx_word' id='word_1_267' title='bbox 381 3772 551 3853; x_wconf 78' lang='lat' dir='ltr'>johannes</span> <span class='ocrx_word' id='word_1_268' title='bbox 578 3776 734 3858; x_wconf 88' lang='lat' dir='ltr'>exposuit</span> <span class='ocrx_word' id='word_1_269' title='bbox 758 3777 859 3839; x_wconf 89' lang='lat' dir='ltr'>verba</span> <span class='ocrx_word' id='word_1_270' title='bbox 885 3775 941 3839; x_wconf 88' lang='lat' dir='ltr'>illa</span> <span class='ocrx_word' id='word_1_271' title='bbox 967 3775 1036 3852; x_wconf 93' lang='lat' dir='ltr'>Xti‚</span> <span class='ocrx_word' id='word_1_272' title='bbox 1059 3774 1220 3855; x_wconf 85' lang='lat' dir='ltr'>Johannis</span> <span class='ocrx_word' id='word_1_273' title='bbox 1243 3773 1369 3849; x_wconf 71' lang='lat' dir='ltr'>ultimo</span> <span class='ocrx_word' id='word_1_274' title='bbox 1394 3773 1510 3837; x_wconf 90' lang='lat' dir='ltr'>‘Alius</span> <span class='ocrx_word' id='word_1_275' title='bbox 1535 3774 1663 3856; x_wconf 89' lang='lat' dir='ltr'>scinget</span> <span class='ocrx_word' id='word_1_276' title='bbox 1689 3783 1732 3852; x_wconf 92' lang='lat' dir='ltr'>te,</span> 
     </span>
     <span class='ocr_line' id='line_1_29' title="bbox 382 3892 1733 3977; baseline -0.001 -20"><span class='ocrx_word' id='word_1_277' title='bbox 382 3903 416 3957; x_wconf 94' lang='lat' dir='ltr'>et</span> <span class='ocrx_word' id='word_1_278' title='bbox 437 3896 537 3958; x_wconf 87' lang='lat' dir='ltr'>ducet</span> <span class='ocrx_word' id='word_1_279' title='bbox 560 3905 604 3969; x_wconf 89' lang='lat' dir='ltr'>te,</span> <span class='ocrx_word' id='word_1_280' title='bbox 627 3905 688 3960; x_wconf 89' lang='lat' dir='ltr'>etc.</span> <span class='ocrx_word' id='word_1_281' title='bbox 735 3893 829 3974; x_wconf 91' lang='lat' dir='ltr'>Hoc,’</span> <span class='ocrx_word' id='word_1_282' title='bbox 849 3897 957 3977; x_wconf 92' lang='lat' dir='ltr'>inquit</span> <span class='ocrx_word' id='word_1_283' title='bbox 980 3894 1191 3977; x_wconf 82' lang='lat' dir='ltr'>evangelista,</span> <span class='ocrx_word' id='word_1_284' title='bbox 1210 3892 1334 3972; x_wconf 67' lang='lat' dir='ltr'>‘dixit&#39;</span> <span class='ocrx_word' id='word_1_285' title='bbox 1349 3914 1395 3957; x_wconf 89' lang='lat' dir='ltr'>sc.</span> <span class='ocrx_word' id='word_1_286' title='bbox 1412 3894 1509 3972; x_wconf 91' lang='lat' dir='ltr'>Xtus,</span> <span class='ocrx_word' id='word_1_287' title='bbox 1528 3893 1733 3976; x_wconf 85' lang='lat' dir='ltr'>‘significans</span> 
     </span>
     <span class='ocr_line' id='line_1_30' title="bbox 381 4012 1734 4097; baseline 0 -20"><span class='ocrx_word' id='word_1_288' title='bbox 381 4037 447 4097; x_wconf 87' lang='lat' dir='ltr'>qua</span> <span class='ocrx_word' id='word_1_289' title='bbox 471 4025 578 4080; x_wconf 88' lang='lat' dir='ltr'>morte</span> <span class='ocrx_word' id='word_1_290' title='bbox 600 4016 837 4081; x_wconf 87' lang='lat' dir='ltr'>clarificaturus</span> <span class='ocrx_word' id='word_1_291' title='bbox 859 4027 946 4081; x_wconf 89' lang='lat' dir='ltr'>esset</span> <span class='ocrx_word' id='word_1_292' title='bbox 969 4012 1100 4092; x_wconf 89' lang='lat' dir='ltr'>Deum,&#39;</span> <span class='ocrx_word' id='word_1_293' title='bbox 1115 4036 1159 4080; x_wconf 89' lang='lat' dir='ltr'>sc.</span> <span class='ocrx_word' id='word_1_294' title='bbox 1178 4015 1301 4093; x_wconf 88' lang='lat' dir='ltr'>Petrus,</span> <span class='ocrx_word' id='word_1_295' title='bbox 1325 4024 1458 4078; x_wconf 91' lang='lat' dir='ltr'>sanctus</span> <span class='ocrx_word' id='word_1_296' title='bbox 1480 4014 1659 4096; x_wconf 69' lang='lat' dir='ltr'>apostolus</span> <span class='ocrx_word' id='word_1_297' title='bbox 1676 4033 1734 4097; x_wconf 91' lang='lat' dir='ltr'>per</span> 
     </span>
     <span class='ocr_line' id='line_1_31' title="bbox 382 4135 1733 4217; baseline 0 -20"><span class='ocrx_word' id='word_1_298' title='bbox 382 4156 478 4198; x_wconf 90' lang='lat' dir='ltr'>suum</span> <span class='ocrx_word' id='word_1_299' title='bbox 519 4136 711 4201; x_wconf 88' lang='lat' dir='ltr'>martirium.</span> <span class='ocrx_word' id='word_1_300' title='bbox 771 4137 870 4213; x_wconf 90' lang='lat' dir='ltr'>Item,</span> <span class='ocrx_word' id='word_1_301' title='bbox 905 4136 1043 4200; x_wconf 89' lang='lat' dir='ltr'>verbum</span> <span class='ocrx_word' id='word_1_302' title='bbox 1081 4136 1195 4200; x_wconf 90' lang='lat' dir='ltr'>vocale</span> <span class='ocrx_word' id='word_1_303' title='bbox 1234 4155 1304 4199; x_wconf 91' lang='lat' dir='ltr'>non·</span> <span class='ocrx_word' id='word_1_304' title='bbox 1339 4143 1388 4198; x_wconf 90' lang='lat' dir='ltr'>est</span> <span class='ocrx_word' id='word_1_305' title='bbox 1425 4135 1471 4198; x_wconf 91' lang='lat' dir='ltr'>sic</span> <span class='ocrx_word' id='word_1_306' title='bbox 1506 4135 1733 4217; x_wconf 89' lang='lat' dir='ltr'>expressivum</span> 
     </span>
    </p>
   </div>
   <div class='ocr_carea' id='block_1_5' title="bbox 992 4270 1128 4334">
    <p class='ocr_par' dir='ltr' id='par_1_6' title="bbox 992 4270 1128 4334">
     <span class='ocr_line' id='line_1_32' title="bbox 992 4270 1128 4334; baseline 0 -15"><span class='ocrx_word' id='word_1_307' title='bbox 992 4270 1000 4300; x_wconf 89' lang='lat'>¹</span> <span class='ocrx_word' id='word_1_308' title='bbox 1018 4271 1039 4319; x_wconf 86' lang='lat' dir='ltr'>E</span> <span class='ocrx_word' id='word_1_309' title='bbox 1051 4285 1128 4334; x_wconf 83' lang='lat' dir='ltr'>marg.</span> 
     </span>
    </p>
   </div>
   <div class='ocr_carea' id='block_1_6' title="bbox 0 0 2207 4936">
    <p class='ocr_par' dir='ltr' id='par_1_7' title="bbox 0 0 2207 4936">
     <span class='ocr_line' id='line_1_33' title="bbox 0 0 2207 4936; baseline 0 0"><span class='ocrx_word' id='word_1_310' title='bbox 0 0 2207 4936; x_wconf 95' lang='lat' dir='ltr'> </span> 
     </span>
    </p>
   </div>
  </div>
 </body>
</html>
