4322 4936
477 389 537 456 186
849 401 948 456 LOCI
973 402 1003 455 E
1032 402 1156 456 LIBRO
1191 400 1448 457 VERITATUM.

476 636 647 699 nunquam
668 616 755 680 enim
777 615 908 700 legitur,
924 637 994 694 nec,
1012 627 1050 681 ut
1071 616 1270 700 investigare
1289 616 1393 698 potui,
1409 614 1576 698 reperitur,
1596 614 1688 697 quod
1710 613 1829 698 aliquis

476 756 537 800 rex
563 735 698 820 Angliae
727 737 846 802 habuit
876 738 1069 822 episcopum
1099 737 1133 801 in
1162 759 1259 802 suum
1290 737 1519 812 confessorem,
1546 755 1606 800 nec
1637 735 1829 818 episcopum

476 857 510 921 in
532 859 634 922 domo
657 879 717 922 sua
741 857 990 923 ebdomadatim
1011 867 1211 936 manentem,
1233 867 1376 940 excepto
1401 856 1548 921 Henrico
1570 855 1688 921 Sexto.
1736 856 1830 920 Hen-

475 978 561 1041 ricus
584 979 672 1042 enim
694 977 848 1062 Quartus,
867 981 1002 1061 quando
1024 978 1190 1044 confessor
1211 999 1289 1042 suus
1311 977 1417 1042 lactus
1438 977 1501 1041 fuit
1523 977 1705 1060 episcopus,
1721 977 1830 1060 ipsum

476 1119 564 1163 curae
584 1119 653 1162 suae
676 1108 710 1164 et
731 1099 935 1184 episcopatui
956 1100 1002 1164 ire
1024 1101 1189 1182 praecepit.
1229 1099 1393 1163 Henricus
1413 1099 1502 1162 enirn
1518 1097 1671 1181 Quintus,
1686 1098 1831 1181 prudens

478 1239 540 1284 rex
564 1219 670 1298 valde,
697 1230 731 1285 et
757 1221 866 1303 regnis
895 1220 1042 1304 pluribus
1068 1221 1231 1298 terribilis
1253 1240 1366 1284 secum
1390 1219 1507 1283 habuit
1533 1240 1636 1283 unum
1664 1227 1831 1286 maturum

478 1341 649 1405 doctorem
678 1341 712 1404 in
738 1362 831 1406 sacra
859 1340 1037 1428 theologia,
1066 1342 1112 1406 M.
1138 1340 1306 1406 Thomam
1331 1340 1483 1416 Walden‚
1512 1340 1545 1405 in
1576 1360 1673 1404 suurn
1704 1339 1832 1406 conses-

478 1481 597 1539 sorem,
612 1462 669 1543 qui
693 1461 783 1525 nulla
805 1482 883 1527 cura
904 1463 1089 1526 animarum
1109 1470 1265 1527 oneratus
1287 1470 1380 1539 erat3
1408 1470 1442 1525 et
1464 1461 1511 1525 sic
1534 1481 1628 1543 reges
1650 1470 1684 1525 et
1706 1461 1832 1525 domini

479 1581 648 1664 quondam
675 1581 827 1647 solebant
853 1603 930 1647 suos
956 1582 1145 1666 capellanos
1175 1583 1324 1660 retinere,
1346 1582 1403 1664 qui
1429 1581 1521 1645 omni
1548 1601 1625 1645 cura
1648 1580 1832 1646 animarum

479 1701 580 1766 soluti
606 1712 708 1780 erant,
734 1714 854 1785 praeter
879 1724 991 1768 curam
1018 1725 1132 1768 eorum
1159 1703 1377 1781 dominorum,
1400 1723 1475 1766 cum
1499 1702 1619 1785 quibus
1645 1701 1833 1784 degebant3

480 1833 516 1888 et
544 1823 592 1886 sic
615 1823 758 1888 Sanctus
787 1825 975 1906 Jeronimus
1004 1825 1150 1889 ostendit
1180 1826 1269 1907 quod
1299 1824 1445 1887 lacerent
1475 1843 1569 1905 reges
1598 1831 1632 1887 et
1662 1831 1834 1905 magnates

482 1945 640 2024 modemi‚
665 1944 756 2020 ‘Ne,’
780 1945 895 2028 inquit,
921 1946 1106 2011 ‘ministros
1134 1945 1196 2010 Xti
1226 1954 1356 2009 nostros
1382 1944 1540 2008 faciamus
1566 1945 1743 2019 ministros
1773 1963 1834 2007 nec

481 2085 542 2146 pro
565 2066 751 2130 carnalibus
778 2065 950 2148 refrigeriis
973 2067 1090 2130 altaria
1103 2066 1239 2130 Domini
1262 2061 1467 2148 polluamus!
1512 2065 1599 2128 Haec
1622 2064 1765 2130 Sanctus
1779 2062 1835 2145 Je-

481 2186 628 2249 ronimus
665 2185 749 2249 libro
783 2193 836 2270 13⁰
868 2208 966 2270 super
1002 2185 1212 2252 Ezechielem
1244 2185 1453 2269 prophetam,
1485 2206 1584 2267 super
1617 2184 1761 2267 capitulo
1791 2201 1835 2260 44

481 2316 598 2370 textus
620 2306 801 2389 prophetae.
847 2307 976 2372 Levitae
1002 2308 1090 2372 enirn
1114 2310 1256 2390 separati
1279 2317 1372 2371 erant
1396 2307 1429 2369 in
1453 2305 1668 2370 ministerium
1691 2303 1834 2386 speciale

483 2426 558 2505 Dei,
582 2425 628 2490 sic
654 2427 757 2491 curati
780 2429 923 2510 separati
946 2439 1056 2492 essent
1079 2429 1112 2492 in
1138 2449 1251 2492 curam
1277 2429 1469 2506 animarum,
1491 2437 1524 2492 et
1547 2436 1584 2491 ut
1606 2425 1780 2508 vigilarent
1802 2425 1835 2488 in

484 2557 581 2611 nocte
607 2569 706 2630 super
730 2569 864 2630 gregem
892 2570 997 2626 suum,
1021 2571 1071 2627 ne,
1097 2571 1142 2613 sc.
1169 2571 1238 2612 nox
1265 2549 1489 2614 tribulacionis
1518 2569 1579 2612 nec
1604 2545 1837 2630 temptacionis

482 2668 576 2750 gregi
606 2647 748 2747 noceret,
778 2679 816 2733 ut
850 2671 883 2734 in
921 2670 1010 2734 malo
1048 2671 1204 2735 deficeret
1233 2671 1285 2734 vel
1324 2681 1360 2734 ut
1397 2671 1522 2734 bonum
1548 2682 1659 2735 actum
1698 2679 1732 2734 et
1762 2668 1837 2732 Deo

483 2789 634 2853 debitum
657 2791 833 2868 omitteret,
859 2812 917 2854 seu
941 2793 1117 2856 desereret.
1164 2793 1260 2867 Item,
1289 2792 1378 2855 Xtus
1401 2791 1495 2873 quasi
1521 2811 1652 2872 semper
1673 2789 1735 2855 fuit
1760 2809 1836 2854 curn

485 2909 653 2990 discipulis
682 2911 750 2974 suis
772 2933 875 2994 usque
900 2913 943 2976 ad
970 2913 1158 3002 passionem
1189 2920 1265 2994 post
1287 2911 1488 2976 eleccionem
1513 2911 1692 2975 eorundem
1715 2910 1749 2973 in
1771 2909 1837 2973 dis-

486 3029 622 3112 cipulos.

574 3160 611 3228 [p.
634 3160 705 3227 45⁵]
749 3151 928 3235 Quomodo
955 3154 1065 3218 nullus
1094 3154 1289 3236 praedicaret
1320 3153 1353 3216 in
1382 3153 1525 3236 publico,
1553 3152 1615 3215 nisi
1646 3151 1773 3234 praelati
1804 3159 1839 3214 et

487 3273 592 3336 curati
615 3281 649 3336 et
671 3272 834 3338 licenciati
853 3289 912 3357 per
932 3295 1034 3338 unum
1057 3276 1217 3340 istorum?
1261 3275 1354 3338 Nota
1372 3274 1458 3337 bene
1481 3274 1513 3336 in
1537 3272 1619 3336 libro
1643 3292 1764 3355 magno
1786 3271 1839 3334 De

487 3393 616 3456 actibus
646 3393 679 3455 in
708 3392 854 3457 Consilio
889 3395 1009 3460 Pisano
1045 3405 1079 3459 et
1110 3394 1366 3473 Constansiensi‚
1397 3403 1430 3458 et
1458 3395 1511 3458 De
1542 3393 1670 3457 actibus
1702 3391 1839 3456 Consilii

488 3513 686 3592 Basiliensis,
702 3525 735 3579 et
753 3524 833 3580 nota
852 3515 924 3580 haec
944 3517 989 3579 ibi
1013 3515 1046 3580 in
1064 3517 1148 3580 libro
1169 3515 1226 3579 illo
1246 3516 1280 3578 in
1296 3515 1434 3597 collegio
1450 3514 1668 3578 Dunelmensi
1684 3512 1840 3588 Oxoniae,

488 3634 523 3696 in
548 3635 681 3717 egregio
706 3644 783 3700 actu
813 3636 901 3700 facto
930 3658 989 3719 per
1015 3638 1210 3718 magistrum
1238 3636 1419 3700 Henricum
1447 3635 1624 3714 Caldisren,
1650 3635 1693 3698 de
1724 3635 1841 3698 ordine

489 3756 754 3838 praedicatorum‚
784 3767 899 3820 contra
917 3756 1100 3822 Wulricum
1124 3757 1320 3832 Bohemum,
1351 3757 1385 3820 in
1411 3756 1547 3821 consilio
1577 3754 1771 3834 Basiliensi3
1806 3763 1841 3820 et

490 3885 571 3938 nota
593 3875 639 3938 ibi
661 3876 694 3938 in
720 3875 777 3939 illo
805 3875 889 3939 libro
912 3877 1054 3960 plurima
1079 3899 1139 3960 per
1165 3878 1359 3960 magistrum
1381 3877 1569 3959 Johannem
1596 3875 1773 3958 Polymare
1798 3875 1841 3939 de

490 3995 639 4059 dominio
670 3996 755 4061 civili
786 4007 899 4061 contra
930 3998 1063 4060 Petrum
1096 3998 1198 4080 Payn‚
1229 3998 1311 4063 alias
1342 3997 1449 4073 Clerk,
1484 3997 1677 4080 magistrum
1701 3995 1841 4061 Arcium

492 4114 646 4196 Oxoniae,
668 4126 702 4180 et
724 4117 827 4180 filium
852 4119 1075 4202 Francigenae,
1097 4129 1213 4184 natum
1236 4120 1269 4182 in
1290 4119 1369 4183 villa
1393 4118 1516 4201 Hoogh
1537 4118 1636 4200 juxta
1652 4115 1842 4193 Graantam‚

491 4235 526 4298 in
547 4235 681 4318 Angla,
705 4239 760 4319 qui
782 4239 887 4304 multa
911 4239 998 4304 mala
1019 4239 1106 4305 dixit
1128 4250 1162 4306 et
1184 4240 1261 4306 fecit
1284 4241 1318 4304 in
1337 4239 1543 4318 Bohemmia,
1564 4249 1598 4303 et
1620 4239 1653 4302 in
1682 4238 1787 4320 Praga
1809 4237 1842 4300 in
