4322 4936
712 414 812 469 LOCJ
837 413 867 466 E
895 413 1021 467 LIBRO
1056 357 1314 470 VER'JTATUM.
1634 415 1695 485 175

340 641 375 696 et
395 629 598 694 Willelmum
621 629 716 693 Aske
741 629 1029 707 Sarisburiensem‚
1055 629 1166 693 etalii
1196 628 1343 712 episcopi
1367 634 1415 706 4⁰¹
1439 627 1495 711 qui
1524 627 1629 691 eciam
1660 627 1694 688 in

340 753 448 816 officio
471 753 556 835 regis
580 760 614 815 et
637 751 758 833 reginae
781 751 938 814 continue
960 759 1130 830 steterunt,
1145 760 1225 815 tunc
1246 772 1266 814 a
1287 751 1375 814 curia
1398 751 1431 812 in
1452 771 1527 813 suas
1547 749 1694 812 dioceses

340 873 503 955 sugerunt,
518 874 674 936 timentes
693 871 807 946 occidi,
824 891 864 934 eo
887 871 977 953 quod
998 871 1088 934 sama
1108 871 1169 934 suit
1188 871 1277 954 quod
1299 871 1519 936 communitas
1539 890 1596 934 eos
1615 877 1695 932 tunc

341 995 447 1058 voluit
468 995 638 1072 occidere;
670 1002 704 1057 et
729 995 792 1056 ista
815 993 973 1074 praedicta
996 993 1071 1056 novi
1096 1013 1167 1056 esse
1189 1014 1274 1070 vera,
1299 1013 1370 1075 ego,
1399 993 1515 1056 doctor
1537 989 1695 1065 Thomas,

341 1115 399 1196 qui
417 1116 489 1179 haec
509 1137 607 1178 manu
629 1136 702 1178 mea
721 1114 853 1196 propria
875 1115 1011 1198 scripsi;
1035 1123 1068 1177 et
1091 1115 1153 1178 iste
1176 1114 1353 1197 praedictus
1372 1114 1546 1196 episcopus
1563 1112 1693 1185 Sarum,

342 1235 529 1300 Willelmus
550 1236 654 1310 Aske,
678 1235 741 1299 luit
764 1235 931 1298 confessor
955 1236 1040 1317 regis
1064 1235 1200 1299 Henrici
1223 1233 1276 1317 vjl¹
1302 1255 1360 1317 per
1386 1235 1496 1316 plures
1521 1253 1635 1310 annos,
1662 1241 1696 1294 et

341 1357 376 1418 in
403 1359 492 1421 curia
516 1359 600 1440 regis
628 1358 721 1440 quasi
746 1356 901 1420 continue
928 1356 1058 1433 mansit,
1082 1377 1253 1439 quousque
1283 1355 1432 1438 fugiebat
1462 1363 1553 1418 metu
1580 1352 1696 1416 mortis

342 1498 431 1554 suae3
456 1487 489 1541 et
506 1498 674 1560 nunquam
690 1488 769 1541 ante
789 1476 881 1539 illum
904 1477 1096 1558 episcopum
1116 1476 1177 1540 suit
1197 1477 1315 1559 aliquis
1339 1477 1511 1558 episcopus
1532 1473 1698 1538 consessor

343 1599 428 1680 regis
450 1597 586 1681 Angliae
609 1599 753 1674 diurnus,
777 1617 836 1660 nec
861 1597 1015 1660 continue
1042 1598 1074 1659 in
1099 1598 1188 1661 curia
1214 1597 1299 1678 regis
1322 1597 1476 1673 residens,
1496 1595 1554 1658 sed
1579 1595 1612 1657 in
1637 1613 1696 1656 sua

342 1739 422 1781 cura
442 1718 494 1781 vel
517 1718 605 1786 alibi.

431 1848 468 1915 [p.
494 1848 564 1913 302]
610 1838 678 1902 Iste
709 1837 852 1903 Sanctus
880 1839 980 1916 Beda,
1011 1837 1192 1902 monachus
1222 1838 1345 1902 ordinis
1376 1837 1489 1902 Sancti
1517 1835 1697 1913 Benedicti,

345 1959 524 2024 monachus
547 1959 628 2042 nigri
651 1959 775 2023 ordinis
798 1960 830 2022 in
855 1960 1056 2022 monasterio
1075 1959 1189 2024 Sancti
1209 1959 1301 2023 Pauli
1324 1958 1474 2042 apostoli,
1496 1958 1552 2020 ubi
1576 1957 1698 2021 mansit

344 2079 488 2144 Sanctus
512 2081 612 2156 Beda,
640 2089 675 2143 et
705 2101 764 2163 per
793 2086 841 2156 4⁰¹
868 2079 1027 2142 millearia
1057 2080 1181 2143 distant
1212 2080 1447 2143 monasterium
1471 2077 1585 2142 Sancti
1609 2076 1698 2140 Petri

343 2201 487 2283 apostoli
514 2201 547 2263 in
570 2200 768 2264 Wermouth
795 2209 828 2264 et
853 2201 1089 2263 monasterium
1115 2199 1229 2265 Sancti
1257 2200 1349 2264 Pauli
1375 2198 1517 2283 apostoli
1542 2199 1576 2262 in
1597 2198 1697 2279 Jaru:

345 2332 379 2385 et
408 2323 486 2404 quia
523 2323 586 2386 ista
616 2323 684 2385 duo
715 2323 914 2384 monasteria
952 2341 1054 2384 unum
1085 2331 1119 2385 et
1148 2323 1291 2386 eundem
1324 2321 1481 2384 abbatem
1510 2320 1699 2385 habuerunt

344 2443 422 2506 ideo
444 2443 588 2508 Sanctus
611 2443 713 2520 Beda,
744 2444 777 2504 in
808 2443 898 2506 libris
931 2443 998 2506 suis
1028 2443 1159 2506 duobus
1184 2443 1237 2506 De
1267 2444 1369 2526 gestis
1398 2445 1498 2507 trium
1529 2442 1698 2519 abbatum,

345 2566 583 2628 monasterium
613 2586 708 2628 suum
739 2565 795 2628 ubi
829 2566 950 2629 mansit
979 2576 1077 2629 vocat
1111 2565 1292 2648 aliquando
1321 2565 1402 2646 jam
1432 2585 1490 2628 seu
1521 2563 1634 2641 Girun,
1665 2572 1700 2626 et

344 2685 526 2768 aliquando
543 2685 758 2761 Wermowth,
779 2686 857 2768 quia
877 2687 941 2750 ista
964 2687 1031 2750 duo
1055 2688 1264 2762 monasteria,
1288 2707 1390 2750 unum
1412 2686 1578 2762 abbatem,
1595 2684 1700 2747 Bene·

345 2806 471 2869 dictum
488 2806 616 2889 Biscop,
632 2806 801 2882 habencia,
819 2827 920 2869 unum
938 2808 1174 2870 monasterium
1190 2807 1410 2871 censebantur
1432 2816 1466 2871 et
1481 2807 1699 2881 vocabantur3

347 2936 382 2989 et
414 2927 478 2990 ista
504 2929 572 2990 duo
598 2929 799 2991 monasteria
830 2928 863 2990 in
889 2928 982 2990 boria
1005 2926 1141 3009 Angliae
1164 2937 1262 3007 stant,
1289 2928 1375 2992 inter
1399 2947 1520 3010 aquam
1543 2926 1640 3009 Tyne
1668 2936 1701 2990 et

347 3066 469 3128 aquam
485 3047 591 3121 Weer,
612 3057 645 3111 et
667 3048 753 3126 villa,
771 3047 871 3130 juxta
893 3068 995 3130 quam
1019 3069 1106 3130 aqua
1122 3047 1220 3130 Tyne
1242 3049 1341 3112 currit
1363 3051 1397 3114 in
1420 3068 1510 3111 mare
1531 3047 1700 3123 orientale,

345 3177 484 3231 vocatur
513 3167 744 3250 Tynemowth,
778 3169 840 3232 i.e.
872 3189 910 3231 os
939 3167 1037 3250 Tyne
1065 3189 1171 3250 aquae,
1201 3169 1257 3232 ubi
1288 3169 1344 3232 illa
1373 3190 1461 3252 aqua
1490 3177 1641 3250 penetrat
1667 3167 1701 3230 in

348 3308 448 3363 mare,
465 3297 500 3352 et
521 3289 608 3366 villa,
622 3289 722 3370 juxta
743 3310 844 3372 quam
867 3289 968 3352 currit
989 3310 1078 3370 aqua
1093 3288 1193 3352 Weer
1214 3289 1248 3352 in
1270 3310 1360 3353 mare
1383 3287 1548 3362 orientale,
1563 3295 1702 3351 vocatur

348 3407 562 3484 Wermowth,
600 3411 621 3473 i.
638 3431 667 3473 e.
701 3431 738 3473 os
763 3409 863 3473 Weer
894 3430 1001 3492 aquae,
1029 3409 1085 3472 ubi
1115 3409 1234 3473 Weere
1264 3410 1364 3474 intrat
1399 3410 1433 3472 in
1463 3395 1563 3471 mare.
1615 3408 1701 3471 Haec

347 3539 466 3610 patent
496 3531 529 3592 in
561 3529 703 3595 Cronica
726 3530 964 3594 Dunelmensis
994 3531 1149 3609 ecclesiae,
1180 3541 1214 3594 et
1250 3530 1366 3594 insulae
1397 3530 1484 3594 Fam
1518 3538 1552 3593 et
1586 3527 1702 3591 insulae

350 3649 618 3726 Lindisamensis,
639 3653 694 3714 ubi
717 3651 779 3715 luit
801 3652 897 3714 sedes
919 3651 1114 3734 episcopalis
1137 3650 1250 3715 Sancti
1268 3650 1442 3716 Cuthberti
1465 3651 1620 3733 episcopi,
1644 3651 1702 3732 qui

349 3779 429 3834 ante
451 3782 485 3835 et
507 3782 583 3853 post
606 3772 834 3854 episcopatum
859 3771 1145 3835 Lindilarnensem
1167 3772 1358 3836 anachorita
1380 3771 1451 3834 luit.

437 3900 475 3968 [p.
501 3901 570 3966 304]
616 3891 672 3956 Sic
703 3903 780 3956 sunt
816 3891 884 3954 sere
917 3893 1029 3956 omnia
1062 3892 1222 3956 notabilia
1253 3913 1329 3975 quae
1362 3891 1477 3974 scripsi
1514 3891 1547 3953 in
1579 3889 1702 3972 scripto

350 4031 426 4075 meo
451 4013 493 4076 de
516 4013 709 4077 veritatibus
736 4012 885 4077 collectis
913 4034 972 4095 per
996 4015 1133 4077 modum
1159 4013 1291 4077 tabulae.
1336 4013 1420 4094 Ego,
1446 4011 1595 4075 Thomas
1617 4009 1703 4075 Gas-

350 4132 477 4214 coigne,
506 4145 686 4216 postquam
715 4135 788 4198 rexi
816 4133 960 4198 Oxoniae
987 4135 1020 4197 in
1044 4133 1230 4215 Theologia
1253 4132 1299 4215 xij
1331 4153 1444 4208 annos,
1469 4141 1502 4196 et
1523 4142 1702 4215 postquam

351 4254 512 4337 resignavi
542 4265 661 4338 sponte
692 4255 865 4321 rectoriam
897 4275 1005 4320 meam
1037 4255 1079 4319 de
1110 4255 1270 4337 Dighton,
1300 4275 1401 4336 quam
1431 4253 1562 4318 vineam
1591 4251 1701 4328 habui,
