4322 4936
456 407 519 456 200
832 395 932 452 LOCI
957 397 987 450 E
1016 394 1139 450 LIBRO
1174 396 1434 455 VERITATUM.

456 613 643 679 Innocencii
677 635 773 697 papae
803 611 916 694 juveni
948 611 1125 676 Frederico
1154 614 1267 694 nepoti
1300 613 1448 696 ejusdem
1481 615 1668 680 Innocencii
1699 637 1806 699 papae.

456 734 541 799 Haec
567 735 672 818 reperi
696 736 730 798 in
758 731 899 798 Cronica
927 731 1145 812 Eveshamiae,
1172 753 1235 816 ego
1261 735 1420 818 magister
1440 735 1589 799 Thomas
1612 735 1806 820 Gascoigne,

453 855 618 939 Anglicus
648 857 795 934 nacione,
827 855 1046 918 Eboracensis
1082 855 1231 933 diocesis,
1264 856 1382 920 doctor
1414 877 1515 920 sacrae
1545 857 1738 941 Theologiae
1773 869 1807 922 et

454 977 667 1042 cancellarius
692 977 892 1042 Oxoniensis
915 975 1147 1039 universitatis.

546 1107 584 1175 [p.
607 1103 675 1174 561]
719 1105 845 1161 Routor
866 1107 901 1160 et
924 1104 1123 1172 Episcopus.
1168 1097 1285 1180 Nuper
1310 1107 1426 1162 notum
1449 1109 1501 1163 est
1527 1102 1697 1181 quomodo
1719 1100 1808 1163 bona

454 1239 530 1301 quae
563 1228 673 1282 essent
710 1219 909 1301 patrimonia
942 1217 1003 1282 Xti
1033 1217 1112 1298 Jesu
1148 1227 1225 1280 sunt
1261 1227 1417 1296 vastata3
1456 1240 1540 1282 unus
1574 1221 1661 1283 enim
1697 1221 1807 1299 homo,
1916 1261 1919 1266 -

454 1339 552 1404 valde
589 1338 752 1415 inhabilis,
789 1339 906 1403 habuit
946 1339 1146 1402 decanatum
1184 1338 1329 1402 ecclesiae
1366 1337 1563 1403 cathedralis
1601 1341 1633 1404 in
1671 1339 1806 1424 Anglia,

447 1457 631 1524 'Wellensis
653 1460 809 1539 ecclesiae,
834 1479 1026 1524 concessum
1051 1459 1112 1523 sibi
1138 1479 1197 1542 per
1219 1459 1439 1542 provisionem
1463 1481 1569 1543 papae,
1594 1472 1628 1525 et
1652 1481 1712 1524 rex
1734 1460 1807 1524 An-

455 1580 540 1662 gliae,
566 1581 730 1645 Henricus
748 1580 882 1656 Sextus,
905 1581 998 1644 dedit
1021 1580 1051 1643 ei
1072 1579 1241 1644 licenciam
1262 1579 1305 1643 ad
1325 1581 1565 1662 acceptandum
1588 1583 1806 1664 provisionem

456 1700 518 1764 sibi
551 1721 739 1766 concessam
770 1697 829 1783 pel
858 1721 981 1783 papam
1012 1699 1224 1782 Eugenium3
1263 1709 1298 1764 et
1326 1709 1396 1764 tum
1431 1721 1506 1765 cum
1538 1722 1637 1765 manu
1668 1701 1743 1766 forti
1774 1703 1806 1765 in

456 1821 574 1884 eadem
605 1821 786 1886 cathedrali
810 1823 839 1885 ei
871 1822 1062 1884 restiterunt
1090 1841 1132 1884 ne
1162 1821 1297 1885 intraret
1327 1823 1361 1884 in
1385 1821 1566 1898 ecclesiam,
1595 1823 1742 1886 dicentes
1771 1843 1807 1886 se

456 1951 490 2005 et
520 1942 702 2024 capitulum
733 1942 818 2005 illius
848 1941 995 2005 ecclesiae
1024 1940 1146 2004 habere
1176 1940 1345 2004 licenciam
1375 1962 1472 2024 papae
1505 1941 1648 2005 Romani
1678 1952 1716 2006 ut
1750 1943 1808 2006 eli·

455 2073 571 2145 gerent
594 2063 655 2126 sibi
679 2063 759 2145 ipsis
781 2065 966 2140 decanum;
994 2071 1028 2124 et
1051 2061 1097 2125 sic
1121 2060 1176 2125 ille
1203 2063 1352 2144 provisus
1374 2063 1407 2125 in
1427 2063 1589 2126 decanum
1605 2061 1806 2127 Wellensem

456 2205 514 2266 per
540 2205 662 2267 papam
693 2184 882 2266 Eugenium
912 2185 1092 2266 impeditus
1122 2182 1191 2260 luit,
1222 2193 1255 2247 et
1287 2204 1352 2247 non
1382 2183 1546 2246 admissus
1576 2184 1609 2246 in
1636 2185 1806 2249 ecclesiam

456 2304 557 2382 illam,
584 2326 642 2369 seu
672 2306 891 2383 decanatum;
922 2315 955 2368 et
982 2314 1061 2368 tunc
1090 2304 1236 2386 optinuit
1262 2303 1369 2366 bullas
1394 2324 1490 2387 papae
1521 2313 1554 2368 et
1580 2305 1807 2368 excommuni-

457 2427 543 2489 cavit
566 2445 682 2489 omnes
704 2425 759 2508 qui
783 2427 946 2489 decanum
966 2424 1067 2488 alium
1090 2433 1168 2488 tunc
1189 2423 1360 2506 eligerunt,
1380 2435 1413 2488 et
1434 2425 1490 2507 qui
1513 2425 1621 2506 ipsum
1639 2425 1805 2507 provisum

456 2566 478 2608 a
504 2546 711 2628 possessione
737 2545 917 2610 decanatus
936 2544 1113 2609 Wellensis
1140 2545 1391 2627 impediverunt,
1416 2554 1449 2608 et
1475 2545 1555 2628 ipsis
1581 2546 1807 2609 excommuni-

457 2667 538 2730 catis
561 2677 595 2730 et
619 2667 781 2730 stantibus
804 2667 865 2729 sub
887 2667 1188 2748 provocacionibus‚
1212 2687 1271 2749 per
1294 2666 1414 2730 multas
1438 2666 1595 2748 pecunias
1621 2667 1718 2730 datas
1742 2667 1805 2730 illis

458 2787 515 2868 qui
540 2785 670 2850 suerunt
700 2789 784 2851 circa
810 2808 929 2870 regem,
956 2788 1044 2851 idem
1071 2787 1232 2864 inhabilis,
1256 2788 1405 2869 provisus
1429 2788 1463 2850 in
1487 2788 1683 2870 praedictum
1709 2789 1805 2852 deca·

457 2918 572 2972 natum
604 2917 638 2971 et
667 2907 808 2990 rejectus
841 2930 900 2991 per
936 2908 1127 2991 capitulum,
1151 2907 1257 2972 sactus
1293 2908 1355 2972 suit
1385 2909 1557 2990 episcopus
1589 2908 1804 2984 Menevensis‚

459 3027 573 3092 Sancti
597 3028 716 3106 David,
737 3029 770 3091 in
788 3028 918 3106 Wallia,
940 3030 1171 3093 consenciente
1194 3049 1291 3112 papa,
1315 3037 1349 3091 et
1372 3048 1450 3110 rege
1476 3049 1536 3110 pro
1557 3028 1621 3092 hoc
1643 3029 1806 3093 scribente

457 3169 554 3231 papae
586 3158 620 3214 et
646 3150 894 3227 consenciente;
925 3161 959 3214 et
989 3170 1073 3214 unus
1099 3149 1273 3232 episcopus
1304 3148 1419 3225 malus,
1445 3158 1479 3212 et
1505 3148 1560 3212 alii
1590 3149 1742 3231 graduati
1772 3150 1805 3212 in

457 3268 555 3334 scolis
586 3268 730 3334 Oxoniae
764 3271 797 3333 in
827 3271 928 3334 domo
959 3271 1052 3352 regis,
1083 3270 1150 3352 regi
1188 3270 1354 3347 dixerunt,
1385 3269 1491 3351 ‘quod
1523 3269 1638 3332 melius
1676 3269 1739 3333 suit
1771 3279 1806 3334 et

457 3389 632 3453 virtuosius
659 3389 761 3454 talem
788 3392 954 3473 provisum
981 3391 1014 3454 in
1041 3392 1204 3454 decanum
1231 3389 1339 3454 facere
1365 3391 1565 3473 episcopum,
1592 3411 1692 3473 quam
1718 3391 1807 3474 opti·

459 3531 551 3572 mum
569 3511 675 3574 virum
696 3519 732 3574 et
754 3512 899 3574 maxime
921 3511 1138 3575 scientificum
1156 3509 1300 3592 Angliae,
1322 3511 1400 3593 quia
1423 3531 1467 3574 ex
1487 3509 1561 3590 illo:
1580 3520 1618 3576 ut
1639 3512 1805 3589 dixerunt,

459 3635 667 3713 ‘sequeretur
691 3630 766 3694 finis
795 3631 861 3695 litis
892 3631 977 3694 inter
1009 3631 1203 3714 praedictum
1233 3631 1400 3714 provisum
1423 3639 1524 3714 atque
1549 3631 1635 3695 inter
1662 3631 1804 3697 electum

458 3752 621 3816 decanum
635 3749 655 3816 ι’
693 3761 728 3816 et
762 3752 808 3815 sic
843 3752 991 3816 fecerunt
1023 3772 1144 3834 magna
1174 3751 1262 3815 mala
1292 3763 1329 3817 ut
1359 3751 1467 3815 minus
1498 3752 1621 3816 malum
1657 3754 1804 3832 evitetur,

458 3893 504 3936 sc.
539 3872 662 3936 malum
696 3872 868 3935 discordiae
900 3873 985 3936 inter
1016 3872 1089 3936 illos
1124 3872 1191 3936 duo
1226 3874 1380 3936 decanos.
1426 3874 1522 3949 Item,
1554 3874 1586 3936 in
1621 3873 1684 3937 hoc
1717 3873 1805 3938 sacto

457 3993 600 4074 graviter
630 4001 665 4056 et
695 3992 877 4056 mortaliter
905 4001 1123 4075 peccaverunt
1154 3993 1231 4074 quia
1261 4004 1499 4058 consenserunt
1527 3993 1705 4058 inhabilem
1736 3993 1803 4058 fieri

458 4113 658 4196 episcopum.

546 4234 640 4312 Item,
656 4233 802 4298 fecerunt
826 4253 947 4316 magna
968 4233 1056 4298 mala
1078 4243 1114 4299 ut
1134 4236 1240 4298 minus
1264 4235 1388 4299 malum
1412 4236 1561 4314 evitetur,
1578 4255 1699 4318 magna
1717 4233 1804 4299 mala
