4378 4936
729 365 827 420 LOCI
853 365 882 417 E
911 364 1035 420 LIBRO
1071 364 1330 418 VERITATUM.
1646 374 1706 437 109

354 579 524 646 consilium
552 579 668 646 talium
695 589 866 656 rectorum,
894 581 981 643 unde
1007 590 1085 644 tunc
1112 579 1244 645 suerunt
1273 600 1386 663 paucae
1414 578 1706 662 implacitaciones,

356 723 415 766 nec
442 703 592 766 acciones
617 722 677 784 per
702 701 838 784 legistas
864 711 898 765 et
921 701 1064 783 juristas,
1084 703 1162 785 quia
1188 723 1303 784 paucae
1334 710 1426 766 erant
1451 700 1603 783 querelae,
1627 701 1706 782 quin

355 823 469 888 statim
500 832 626 886 exortae
657 821 759 887 finitae
798 833 890 887 erant
924 834 958 888 et
994 825 1112 907 sopitae
1149 824 1233 887 inira
1263 822 1462 906 parochiam,
1494 843 1553 905 per
1582 823 1706 885 bonum

355 945 502 1009 laborem
528 956 561 1009 et
586 944 795 1026 diligenciam
823 945 1074 1029 praesidencium
1100 955 1134 1008 et
1159 956 1333 1010 rectorum.
1380 944 1448 1009 Sed
1468 944 1546 1026 jam,
1571 963 1629 1024 per
1651 944 1708 1008 de·

355 1066 477 1130 lectum
502 1066 618 1130 talium
642 1067 804 1130 bonorum
830 1077 1001 1144 rectorum,
1017 1066 1099 1142 lires,
1125 1067 1276 1148 querelae,
1301 1066 1529 1143 dissensiones,
1547 1065 1707 1139 acciones,

356 1185 635 1268 implacitaciones
673 1186 932 1269 multiplicantur
969 1195 1002 1250 et
1040 1187 1282 1262 continuantur,
1320 1196 1353 1251 et
1387 1187 1432 1250 sic
1470 1196 1709 1268 consequenter

355 1308 451 1381 bona,
467 1328 526 1390 per
549 1328 624 1390 quae
647 1318 762 1372 sancta
784 1329 886 1390 opera
907 1307 1149 1390 perficerentur,
1165 1308 1391 1391 multiplicatis
1412 1308 1534 1372 talibus
1557 1307 1708 1389 querelis,

357 1428 492 1510 legistis
518 1437 552 1492 et
578 1429 757 1505 advocatis,
781 1437 814 1492 et
842 1429 1068 1492 defensoribus
1098 1428 1317 1504 conferuntur,
1346 1430 1441 1506 unde,
1467 1449 1525 1510 per
1552 1427 1710 1509 multipli-

355 1549 523 1614 cacionem
554 1549 669 1614 talium
706 1549 947 1614 dissensionum
984 1560 1017 1613 et
1052 1550 1231 1628 accionum,
1262 1571 1319 1632 per
1351 1549 1517 1612 desectum
1547 1549 1709 1612 bonorum

357 1681 530 1744 rectorum,
558 1671 591 1734 in
614 1670 698 1736 curis
729 1670 955 1747 residendum,
977 1669 1046 1751 jam
1074 1671 1179 1752 magis
1208 1690 1310 1752 quarn
1340 1670 1522 1752 antiquitus
1553 1668 1710 1751 multipli-

357 1799 474 1854 cantur
499 1789 635 1871 legistae,
656 1789 791 1870 juristae,
819 1799 852 1853 et
875 1790 1036 1867 advocati,
1060 1797 1093 1853 et
1116 1789 1303 1853 defensores
1328 1789 1499 1860 malorum,
1523 1791 1579 1872 qui
1605 1789 1711 1852 malos

357 1930 417 1992 pro
446 1930 558 1972 amore
588 1909 685 1984 malo
713 1909 765 1973 vel
796 1930 856 1992 pro
885 1910 1005 1974 timore
1036 1909 1132 1987 ma10,
1159 1909 1350 1987 defendunt,
1378 1919 1411 1972 et
1444 1920 1557 1973 tamen
1588 1910 1710 1992 pluries

357 2049 464 2095 causae
483 2029 576 2109 tales,
599 2039 675 2112 post
698 2030 832 2112 longam
855 2029 1117 2112 placitacionem,
1141 2041 1174 2093 et
1197 2040 1273 2112 post
1297 2050 1434 2112 magnas
1457 2050 1630 2112 expensas,
1651 2050 1711 2112 per

356 2159 536 2214 tractatum
563 2171 759 2234 magnorum
784 2152 885 2215 finem
912 2173 1009 2214 suum
1031 2151 1165 2228 habent,
1193 2162 1226 2214 et
1253 2152 1478 2226 terminantur,
1503 2160 1536 2215 et
1561 2151 1632 2214 haec
1660 2161 1710 2214 est

356 2271 421 2336 alia
442 2271 597 2353 iniquitas
615 2292 689 2354 quae
710 2273 999 2354 appropriaciones
1020 2273 1236 2336 consecuitur.
1276 2273 1437 2337 Rectores
1453 2273 1540 2336 enim
1556 2272 1635 2335 boni
1650 2293 1710 2354 pro

357 2391 564 2474 parochianis
586 2403 726 2471 orarent,
750 2403 956 2458 sacramenta
979 2393 1211 2470 ministrarent,
1229 2402 1262 2457 et
1285 2393 1456 2458 consilium
1480 2394 1605 2456 bonum
1627 2413 1711 2475 prae·

357 2513 472 2576 berent
499 2521 531 2576 et
560 2513 763 2596 exemplum,
787 2511 1050 2596 hospitalitatem
1076 2523 1235 2591 tenerent,
1262 2514 1434 2596 perbona
1461 2524 1494 2577 et
1517 2514 1663 2577 decimas
1690 2536 1711 2577 a

358 2633 432 2696 Deo
451 2633 498 2696 eis
514 2633 642 2711 collata,
660 2644 694 2698 et
709 2634 935 2716 praedicarent,
953 2643 987 2698 et
1004 2633 1160 2698 veritates
1180 2634 1379 2698 necessarias
1402 2646 1436 2699 et
1452 2635 1549 2698 utiles
1570 2634 1711 2698 subditis

358 2753 602 2831 annunciarent,
633 2774 692 2835 per
725 2776 807 2836 quas
839 2754 1052 2836 operaciones
1081 2764 1115 2818 et
1147 2775 1205 2837 per
1241 2765 1335 2819 actus
1372 2756 1547 2838 praedictos
1584 2754 1712 2818 habiles

360 2881 470 2938 essent
499 2883 533 2936 et
556 2874 706 2956 dispositi
729 2876 772 2938 ad
795 2876 880 2938 bene
900 2875 1076 2938 vivendum
1100 2884 1133 2938 et
1154 2875 1240 2938 bene
1259 2877 1474 2958 operandum,
1493 2888 1527 2941 et
1549 2896 1609 2957 per
1631 2876 1712 2938 istos

358 3001 453 3060 actus
474 2993 662 3075 parochiani
685 2994 836 3077 dispositi
858 3004 968 3060 essent
989 2995 1032 3058 ad
1054 2994 1194 3058 fructum
1217 2996 1414 3076 capiendum
1436 2995 1566 3060 illarum
1587 2996 1712 3058 oracio·

359 3133 438 3177 num
459 3133 542 3194 quas
564 3114 619 3177 alii
641 3125 736 3178 orant
759 3136 819 3197 pro
839 3116 893 3179 eis.
941 3114 994 3182 Illi
1015 3124 1128 3178 autem
1150 3115 1269 3196 quibus
1292 3117 1437 3179 ecclesiae
1460 3116 1713 3199 appropriantur

359 3233 444 3297 sorte
458 3241 555 3297 orant
571 3255 630 3317 pro
651 3236 869 3317 parochianis,
884 3255 1025 3318 quorum
1040 3235 1129 3300 bona
1152 3236 1321 3317 recipiunt,
1336 3237 1394 3299 sed
1416 3245 1510 3300 actus
1526 3237 1712 3300 activorum

359 3363 435 3418 sunt
458 3355 492 3416 in
519 3355 670 3436 paciente
698 3357 868 3438 disposito,
894 3377 938 3420 ex
967 3363 1001 3418 2⁰
1028 3357 1081 3420 De
1103 3354 1238 3421 Anima.
1295 3355 1347 3420 Illi
1377 3366 1491 3421 autem
1513 3355 1712 3439 parochiani,

359 3494 419 3556 pro
441 3473 561 3556 quibus
583 3477 833 3558 approprietarii
855 3487 961 3555 orant,
985 3496 1051 3540 non
1075 3477 1236 3558 recipiunt
1259 3476 1443 3540 subsidium
1466 3476 1648 3558 temporale
1670 3476 1713 3539 ab

360 3594 416 3668 eis,
440 3613 500 3658 nec
530 3593 799 3678 hospitalitatem,
830 3617 890 3660 nec
920 3597 1102 3675 consilium,
1128 3617 1189 3660 nec
1219 3597 1500 3679 praedicacionem,
1528 3617 1588 3660 nec
1618 3597 1713 3678 plura

360 3713 424 3778 alia
445 3715 533 3780 bona
554 3718 759 3797 necessaria;
782 3718 951 3799 quomodo
970 3739 1048 3800 ergo
1071 3738 1130 3801 per
1150 3719 1254 3781 bonas
1274 3719 1441 3782 oraciones
1461 3717 1575 3781 talium
1594 3717 1714 3798 quibus

361 3835 507 3900 ecclesiae
530 3836 733 3918 parochiales
756 3841 1019 3921 appropriantur,
1043 3841 1263 3922 disponuntur
1291 3839 1480 3921 parochiani
1505 3840 1546 3902 ad
1572 3839 1713 3920 gratiam

360 3966 492 4040 gratum
519 3956 704 4036 facientem,
727 3957 780 4022 vel
811 3959 855 4024 ad
885 3960 1024 4041 gloriam
1055 3962 1291 4042 sempiternam
1322 3960 1520 4036 habendam,
1547 3979 1623 4022 cum
1647 3979 1714 4022 non

360 4076 507 4144 habeant
529 4077 584 4141 illa
608 4099 683 4160 quae
708 4080 916 4162 requiruntur
941 4090 975 4146 et
999 4091 1298 4164 praesupponuntur
1321 4081 1365 4144 ad
1387 4079 1489 4144 talem
1512 4081 1656 4162 graciam
1680 4090 1715 4144 et

361 4197 523 4280 gloriam?
570 4198 636 4264 Sed
660 4221 718 4283 per
738 4200 1000 4284 praedicaciones,
1017 4203 1160 4282 consilia,
1177 4202 1368 4284 exemplum
1392 4202 1516 4266 bonum
1541 4211 1712 4276 rectorum,
