4338 4936
721 377 821 432 LOCI
846 377 875 430 E
905 376 1029 430 LIBRO
1064 374 1322 430 VERITATUM.
1661 379 1698 445 19

344 591 515 658 nacionem
538 593 729 658 hominum.'
774 596 913 660 Talibus
934 596 1014 660 dicit
1034 595 1188 658 dominus
1210 591 1364 658 Matthaei
1383 609 1431 670 14,
1447 590 1599 655 ‘Faciem
1622 586 1698 652 coeli

344 711 524 794 dijudicare
551 715 665 792 nostis,
688 716 783 798 signa
807 727 920 781 autem
944 726 1132 798 temporum
1160 735 1226 778 non
1250 713 1389 797 potestis
1413 707 1515 776 scire.’
1559 707 1698 772 Talibus

344 832 425 896 dicit
446 835 599 898 dominus
621 836 797 900 Malachiae
819 837 934 918 primo,
951 836 1000 900 ‘O
1026 837 1223 913 sacerdotes
1241 834 1410 916 despicitis
1432 851 1553 896 nomen
1577 849 1699 907 meum,

343 960 379 1016 et
401 953 524 1020 offertis
545 977 643 1039 super
666 956 770 1020 altare
798 977 908 1020 meum
935 976 1056 1039 panem
1083 952 1268 1038 pollutum.'
1314 953 1371 1019 Sic
1394 953 1535 1017 offerunt
1562 951 1637 1014 Deo
1664 955 1699 1012 et

345 1073 391 1136 sic
417 1075 603 1157 despiciunt
631 1077 741 1140 Deum
773 1086 806 1140 et
838 1076 908 1157 ejus
938 1076 1073 1154 cultum,
1099 1077 1156 1158 qui
1187 1077 1269 1140 dant
1297 1074 1468 1139 ecclesiam
1494 1081 1528 1136 et
1554 1069 1698 1135 officium

344 1214 403 1257 seu
426 1196 573 1278 regimen
595 1197 708 1280 populi
732 1217 821 1260 caeco
844 1197 918 1261 duci
941 1207 975 1260 et
995 1197 1119 1260 vicioso
1139 1196 1195 1279 qui
1219 1197 1335 1279 quaerit
1358 1195 1456 1260 ditari
1480 1203 1513 1258 et
1535 1189 1697 1256 honorari.

346 1313 445 1378 Tales
468 1317 525 1398 qui
547 1317 594 1381 sic
617 1317 797 1395 conserunt,
821 1317 1009 1399 despiciunt
1033 1318 1153 1393 Deum,
1176 1317 1255 1400 quia
1280 1318 1361 1380 dant
1383 1315 1413 1380 ei
1439 1315 1495 1398 qui
1519 1333 1583 1378 non
1606 1320 1700 1376 curat

345 1435 387 1498 de
408 1434 471 1499 hiis
491 1457 566 1518 quae
587 1437 651 1500 Dei
673 1446 749 1501 sunt
771 1447 805 1501 et
826 1439 869 1501 de
889 1437 951 1501 hiis
971 1459 1047 1520 quae
1067 1438 1234 1520 pertinent
1254 1436 1352 1500 saluti
1373 1435 1564 1499 animarum.
1612 1433 1697 1496 Item

345 1556 529 1638 despiciunt
560 1557 671 1621 Deum
701 1559 779 1640 quia
807 1578 873 1621 non
900 1557 1072 1622 conserunt
1102 1557 1275 1622 ecclesiam
1306 1556 1353 1620 illi
1383 1556 1439 1638 qui
1470 1575 1530 1638 per
1554 1553 1699 1618 officium

344 1697 440 1739 suum
467 1686 588 1759 potest,
614 1678 685 1756 scit,
711 1688 745 1742 et
771 1677 842 1741 vult
869 1677 984 1742 melius
1012 1678 1087 1742 Deo
1116 1677 1247 1760 placere
1277 1687 1310 1742 et
1340 1677 1447 1760 magis
1477 1674 1604 1740 cultum
1634 1671 1700 1736 Dei

343 1806 559 1878 augmentare
579 1806 613 1861 et
634 1799 763 1862 animas
786 1799 860 1862 Deo
882 1799 1050 1881 acquirere
1071 1799 1181 1874 verbo,
1209 1797 1378 1880 exemp10,
1401 1805 1434 1860 et
1461 1795 1617 1873 subsidio,
1640 1793 1699 1857 sed

345 1915 392 1978 illi
423 1916 595 1982 conserunt
625 1916 799 1982 ecclesiam
825 1919 878 1982 vel
908 1919 1051 1983 officium
1082 1918 1174 2000 cujus
1198 1927 1276 1982 sunt
1302 1917 1462 2000 obsequio
1486 1914 1622 1992 deliniti,
1645 1913 1700 1978 vel

344 2057 494 2119 proquo
519 2057 659 2120 magnus
682 2038 715 2101 in
741 2039 865 2102 mundo
889 2040 1026 2121 rogavit,
1047 2039 1100 2102 vel
1124 2039 1153 2102 ei
1178 2040 1234 2122 qui
1260 2059 1395 2102 munere
1417 2036 1480 2101 hoc
1502 2035 1700 2118 impetravit,

346 2177 411 2220 non
439 2157 484 2220 illi
511 2157 636 2221 homini
662 2159 713 2222 cui
741 2159 833 2222 Deus
858 2159 1029 2224 ecclesiam
1053 2180 1110 2223 seu
1138 2160 1282 2224 officium
1308 2157 1445 2223 conferri
1473 2156 1632 2240 praecipit,
1654 2175 1699 2220 sc.

346 2276 392 2339 illi
416 2279 473 2360 qui
497 2278 566 2342 vita
590 2288 623 2342 et
649 2279 791 2343 sciencia
813 2279 909 2362 erigit
936 2279 1017 2344 alios
1043 2281 1086 2344 de
1109 2279 1197 2344 mala
1218 2279 1287 2344 vita
1310 2280 1343 2342 in
1369 2279 1502 2355 bonam,
1524 2277 1567 2340 de
1594 2297 1700 2340 errore

345 2397 378 2460 in
415 2397 599 2477 scienciam,
630 2408 663 2462 et
693 2400 749 2482 qui
781 2401 886 2483 magis
920 2401 982 2465 scit
1018 2410 1052 2464 et
1080 2399 1150 2464 vult
1179 2400 1353 2463 animabus
1385 2399 1548 2481 prodesse.
1607 2396 1700 2460 Talis

345 2527 504 2601 patronus
534 2529 567 2583 et
597 2519 673 2583 talis
703 2520 827 2604 eligens
860 2531 893 2586 et
928 2521 984 2604 qui
1020 2521 1095 2603 eligi
1131 2528 1285 2603 procurat
1318 2519 1472 2602 aliquem,
1507 2537 1607 2601 quem
1640 2537 1700 2582 nec

345 2638 526 2702 secundum
550 2639 688 2704 racionis
714 2640 875 2722 judicium
907 2662 967 2706 nec
997 2661 1055 2724 per
1081 2661 1207 2704 sacram
1235 2640 1430 2723 scripturam
1457 2639 1601 2722 eligeret,
1624 2639 1699 2702 des-

345 2758 424 2840 picit
455 2759 575 2834 Deum‚
603 2769 637 2823 et
664 2781 730 2823 non
761 2771 854 2825 curat
885 2763 928 2824 de
957 2761 1065 2826 salute
1091 2762 1287 2838 animarum,
1310 2769 1344 2824 et
1373 2759 1432 2824 tali
1463 2760 1551 2824 dicet
1583 2759 1699 2822 Domi·

346 2900 408 2942 nus
438 2879 470 2941 in
501 2879 555 2942 die
581 2878 696 2961 judicii
731 2880 811 2945 illud
842 2883 949 2965 primo
980 2901 1095 2965 regum
1109 2899 1121 2947 :¹
1151 2883 1281 2966 ‘Magis
1309 2881 1477 2946 honorasti
1509 2879 1594 2944 filios
1624 2889 1699 2944 tuos

344 3019 445 3081 quam
469 3020 522 3062 me
535 2998 554 3076 ;’
599 3000 652 3064 i.e.
677 3003 781 3083 magis
803 3001 908 3066 iecisti
931 3023 992 3085 pro
1018 3002 1078 3067 tali
1104 3003 1239 3067 homine
1262 3023 1362 3085 quem
1384 3000 1558 3066 carnaliter
1580 2999 1699 3082 diligis,

345 3119 395 3184 vel
428 3120 534 3202 magis
566 3119 712 3184 dilexisti
742 3123 831 3186 dona
861 3132 894 3187 et
929 3143 1065 3188 munera
1098 3144 1157 3206 pro
1189 3123 1309 3206 quibus
1342 3121 1469 3187 coniers
1502 3120 1698 3185 beneficium

344 3239 397 3304 vel
423 3240 566 3304 officium
592 3261 692 3323 quam
721 3263 782 3321 me,
807 3243 884 3324 quia
914 3244 941 3306 si
969 3264 1022 3306 me
1050 3245 1154 3328 magis
1180 3244 1358 3308 honorares
1385 3253 1419 3308 et
1449 3241 1611 3324 diligeres,
1640 3241 1699 3304 tali

345 3361 470 3424 homini
502 3361 645 3425 officium
676 3365 780 3442 dares,
807 3385 905 3448 quern
942 3366 1005 3429 scis
1037 3365 1090 3430 vel
1120 3366 1226 3430 credis
1257 3365 1362 3448 magis
1393 3364 1467 3428 Deo
1500 3362 1630 3446 placere
1665 3372 1699 3426 et

346 3482 451 3564 magis
474 3483 575 3546 verbo
602 3493 635 3547 et
661 3484 750 3548 bono
774 3487 931 3568 exemplo
959 3488 1086 3551 animas
1114 3489 1188 3552 Deo
1215 3495 1414 3564 convertere,
1442 3485 1556 3567 etqui
1582 3483 1699 3546 melius

344 3611 464 3685 potest,
485 3602 556 3682 scit,
580 3614 613 3668 et
633 3604 705 3668 vult
723 3627 832 3690 opera,
854 3628 930 3690 quae
955 3609 1048 3673 Deus
1071 3607 1140 3672 fieri
1163 3609 1321 3692 praecipit,
1344 3607 1490 3690 implere.

433 3733 466 3800 [p.
485 3733 554 3798 326]
592 3725 629 3790 Si
655 3727 774 3810 aliquis
800 3728 953 3793 fundaret
978 3729 1154 3814 collegium
1179 3731 1222 3795 ad
1249 3739 1465 3812 augmentum
1492 3725 1640 3791 scienciae
1665 3736 1699 3790 et

345 3845 504 3908 doctrinae
533 3845 587 3910 vel
613 3847 790 3931 religiosos,
819 3859 856 3914 ut
883 3860 997 3916 sancte
1023 3853 1135 3916 vivant
1165 3863 1199 3918 et
1228 3861 1342 3917 sancte
1372 3853 1523 3925 doceant,
1545 3846 1698 3910 fundaret

347 3986 404 4028 eos
431 3966 569 4048 propriis
592 3969 659 4030 suis
681 3969 776 4033 bonis
799 3979 833 4034 et
855 3993 913 4035 eos
936 3971 1109 4039 exhiberet
1135 3975 1205 4040 sine
1230 3973 1420 4058 gravamine
1443 3981 1476 4036 et
1498 3969 1698 4034 detrimento

346 4087 538 4163 animarum,
561 4098 594 4152 et
617 4090 691 4154 ideo
716 4112 782 4156 non
810 4093 856 4156 sic
883 4095 1133 4178 appropriarent
1158 4096 1313 4161 ecclesias
1335 4092 1539 4182 parochiales
1563 4089 1697 4172 quando

346 4217 453 4272 rector
479 4203 549 4291 ejus
575 4231 631 4274 seu
660 4224 792 4278 curatus
816 4225 970 4297 gravetur
995 4217 1026 4280 in
1054 4219 1197 4300 penuria,
1223 4218 1276 4283 vel
1303 4225 1338 4281 ut
1364 4223 1517 4300 gravetur
1543 4209 1697 4295 parochia

991 4334 1015 4380 D
1033 4337 1050 4382 2
