4378 4936
742 389 841 444 LOCI
868 388 897 441 E
926 387 1050 440 LIBRO
1086 385 1344 442 VERITATUM.
1664 392 1722 459 117

454 614 488 681 [p.
512 613 582 681 551]
625 612 826 668 Haeretious.
870 603 998 668 Omnes
1020 602 1108 665 enim
1131 600 1360 664 hereticorum
1385 609 1419 665 et
1438 601 1611 684 gentilium
1633 623 1725 684 quae·

367 726 491 790 stiones
515 725 642 791 eaedem
666 735 752 804 sunt,
777 725 855 808 quia
880 743 946 787 non
972 723 1207 805 scripturarum
1230 721 1461 785 auctoritatem
1484 721 1543 785 sed
1569 721 1724 787 humanae

368 847 503 911 rationis
525 866 659 911 sensum
681 857 873 929 sequuntur.
920 844 1006 908 Haec
1030 842 1173 908 Sanctus
1197 841 1394 923 Jeronimus,
1417 862 1517 925 super
1538 843 1627 908 Osee
1650 865 1726 926 pro·

369 966 515 1048 phetam,
531 967 616 1032 libro
638 973 680 1044 2⁰,
697 973 760 1031 ca0.
777 973 820 1049 7⁰.
864 966 959 1042 Item,
975 963 1120 1027 haeretici
1140 964 1216 1046 vagi
1238 971 1357 1040 errant,
1376 983 1463 1027 nunc
1483 964 1527 1027 ad
1547 962 1618 1040 has,
1638 985 1725 1030 nunc

369 1088 413 1150 ad
433 1087 514 1166 illas,
530 1088 550 1151 i.
559 1109 588 1152 e.
609 1087 789 1152 contrarias
809 1085 1004 1160 sentencias,
1020 1093 1237 1161 transeuntes,
1252 1084 1333 1146 dum
1355 1104 1422 1147 non
1443 1084 1490 1148 eis
1510 1084 1620 1167 placet
1636 1087 1725 1168 quod

368 1208 472 1273 semel
501 1208 676 1291 reperiunt,
699 1209 760 1272 sed
786 1227 918 1289 semper
941 1215 1052 1269 vetera
1080 1213 1212 1268 mutant
1236 1203 1338 1282 novis,
1363 1213 1396 1268 et
1422 1203 1626 1269 ethnicorum
1654 1206 1727 1268 imi·

369 1338 482 1393 tantur
499 1348 633 1392 errores.
680 1328 764 1392 Haec
789 1327 934 1392 Sanctus
951 1325 1139 1408 Jeronimus
1162 1346 1262 1408 super
1283 1331 1347 1388 ca⁰.
1371 1331 1406 1406 9⁰
1429 1324 1518 1390 Osee
1543 1325 1727 1410 prophetae.

371 1449 466 1526 Item,
487 1448 633 1513 haeretici
652 1448 754 1513 verba
774 1448 944 1531 scripturae
964 1467 1066 1511 sacrae
1087 1444 1127 1510 de
1149 1446 1289 1529 propriis
1308 1457 1478 1510 sumentes
1498 1447 1587 1527 locis,
1605 1467 1727 1512 conan-

370 1581 424 1634 tur
446 1591 585 1648 assuere,
609 1570 666 1634 i.e.
688 1569 856 1652 applicare
878 1569 1028 1632 sensibus
1051 1566 1116 1630 illis
1138 1566 1259 1649 quibus
1281 1586 1348 1630 non
1371 1567 1525 1643 convenit
1549 1567 1606 1631 illa
1627 1570 1728 1645 verba

371 1689 529 1773 cooptari,
555 1692 576 1754 i.
587 1712 616 1754 e.
642 1691 809 1774 applicari,
836 1701 872 1755 et
897 1690 1101 1753 sentenciam
1131 1688 1165 1751 in
1194 1709 1255 1752 suo
1285 1687 1359 1752 loco
1388 1689 1482 1760 alteri
1511 1692 1620 1753 sensui
1650 1711 1728 1758 con-

371 1821 545 1894 gruentem
574 1811 669 1876 alteri
697 1813 849 1876 nituntur
877 1831 1017 1890 assuere,
1045 1810 1103 1874 i.e.
1133 1809 1310 1892 applicare.
1364 1805 1451 1884 Cum
1482 1810 1619 1874 Domini
1649 1811 1728 1893 Jesu

371 1933 483 1997 tunica
498 1932 640 2016 desuper
661 1943 820 1998 contexta
843 1953 903 2016 per
922 1941 1032 1996 toturn
1054 1930 1159 1996 scindi
1178 1930 1313 1994 omnino
1337 1949 1404 1994 non
1424 1931 1537 2013 possit,
1553 1931 1612 1997 sed
1634 1941 1729 1998 texta

372 2053 499 2136 Spiritu
516 2053 641 2118 Sancto
658 2054 781 2118 nullam
797 2053 934 2136 recipiat
949 2054 1149 2116 scissionem.

460 2173 556 2254 Item,
579 2176 725 2240 haeretici
748 2173 892 2257 diligunt
914 2174 1094 2248 libidinem,
1120 2173 1252 2248 difficile
1278 2174 1367 2237 enim
1391 2185 1442 2238 est
1466 2175 1658 2242 haereticum
1681 2199 1731 2245 re·

373 2299 470 2382 periri
495 2298 552 2381 qui
575 2298 694 2382 diligat
717 2299 915 2374 castitatem,
941 2317 1007 2360 non
1032 2296 1122 2378 quod
1146 2317 1220 2360 eam
1244 2297 1397 2380 praelerre
1421 2300 1560 2366 desistat
1583 2300 1687 2366 labiis.

462 2417 557 2494 Item,
583 2440 698 2492 omnes
727 2420 874 2484 haretici
904 2419 1018 2482 labore
1047 2419 1150 2481 nimio
1176 2439 1216 2483 ac
1242 2419 1356 2483 dolore
1383 2423 1553 2503 quaerendi
1580 2423 1729 2500 ordinem

374 2539 522 2624 aliquem
545 2551 580 2606 et
602 2542 877 2623 consequenciam
899 2539 1033 2604 haeresis
1055 2561 1115 2606 sua
1139 2540 1279 2622 reperire
1301 2541 1411 2605 conati
1434 2553 1520 2620 sunt.

463 2661 559 2738 Item,
582 2661 729 2726 haeretici
753 2682 829 2744 quae
855 2659 942 2724 male
966 2661 1009 2724 ab
1033 2660 1106 2724 aliis
1129 2660 1263 2724 inventa
1284 2670 1362 2724 sunt
1385 2661 1538 2726 roborare
1560 2675 1731 2732 conantur.

467 2781 563 2858 Item,
585 2780 734 2854 haeretici
748 2789 826 2845 sunt
848 2781 937 2848 acuti
957 2800 1072 2843 sensus
1097 2790 1130 2844 et
1154 2781 1300 2846 ardentis
1321 2782 1453 2865 ingenii.
1498 2783 1620 2850 Nullus
1644 2787 1732 2856 enim

376 2911 488 2984 potest
515 2900 668 2965 haeresim
696 2911 822 2968 struere
852 2902 913 2964 nisi
943 2902 1000 2983 qui
1030 2903 1178 2965 ardentis
1207 2903 1328 2985 ingenii
1360 2913 1419 2982 est,
1448 2915 1483 2968 et
1512 2905 1615 2969 habet
1644 2907 1732 2974 bona

376 3032 514 3101 naturae,
535 3042 611 3104 quae
635 3044 656 3088 a
681 3022 757 3086 Deo
781 3020 907 3086 artifice
929 3029 1040 3085 creata
1062 3031 1150 3085 sunt.

465 3143 625 3207 Haeretici
650 3142 885 3206 assimulantur
910 3142 1056 3222 locustae,
1082 3164 1157 3226 quae
1182 3144 1293 3214 volare
1324 3166 1390 3209 non
1416 3156 1528 3230 potest
1558 3147 1590 3211 in
1616 3147 1732 3226 altum,

377 3265 529 3346 quamvis
547 3265 590 3327 de
612 3272 699 3328 terra
720 3263 836 3340 exilire
860 3264 983 3338 nititur,
1007 3272 1041 3328 et
1064 3264 1294 3329 deficientibus
1317 3267 1433 3349 pennis
1458 3277 1492 3331 et
1514 3267 1633 3351 frigore
1655 3290 1734 3333 con÷

377 3385 501 3462 tractis,
517 3385 668 3448 concidet
689 3385 722 3447 in
743 3405 830 3466 sepe,
845 3385 879 3446 in
900 3384 1059 3459 sentibus,
1076 3393 1109 3456 et
1128 3385 1288 3467 virgultis,
1304 3387 1357 3450 vel
1378 3389 1412 3450 in
1432 3389 1574 3453 maceria
1596 3388 1733 3460 fortuitu

377 3502 455 3569 hinc
481 3506 559 3574 inde
584 3504 697 3588 lapide
722 3505 917 3586 composita.
963 3503 1019 3570 Sic
1046 3505 1193 3572 haeretici
1220 3506 1253 3569 in
1283 3507 1389 3572 altum
1415 3529 1482 3572 non
1508 3509 1630 3588 volant,
1656 3511 1734 3594 quia

378 3645 513 3690 sensum
528 3625 676 3690 divinum
698 3645 765 3689 non
784 3625 927 3708 capiunt,
943 3626 1002 3690 sed
1022 3625 1204 3690 humanum
1226 3637 1259 3694 et
1279 3629 1453 3706 erronium,
1469 3639 1503 3693 et
1522 3650 1588 3694 non
1609 3629 1735 3706 habent

380 3745 524 3810 calorem
555 3745 634 3809 solis
663 3745 816 3829 justiciae,
842 3745 1038 3829 frigescente
1071 3748 1105 3809 in
1136 3747 1183 3810 eis
1215 3747 1350 3812 Domini
1383 3750 1527 3829 caritate,
1552 3752 1671 3816 sedent
1701 3754 1734 3818 in

379 3867 522 3950 spinosis
545 3867 687 3944 sedibus,
711 3867 790 3949 quia
814 3887 890 3931 cum
914 3866 1011 3948 friget
1035 3888 1094 3950 per
1117 3867 1283 3932 delectum
1308 3870 1450 3944 virtutis,
1472 3879 1506 3933 et
1531 3869 1643 3946 volare
1668 3892 1735 3936 non

380 3997 539 4070 possunt3
571 4007 616 4052 se.
639 3987 672 4050 in
696 3986 821 4050 clarum
844 3987 1050 4054 intellectum
1074 3989 1231 4066 veritatis,
1252 3989 1367 4052 sedem
1391 4009 1486 4053 suam
1511 4000 1544 4054 et
1567 3992 1735 4074 regionem

381 4109 467 4173 inter
492 4107 687 4182 Aristotolis
713 4117 747 4171 et
774 4106 917 4192 Crisippi
944 4109 1075 4191 spineta
1105 4109 1282 4192 reperiunt,
1306 4109 1385 4192 quia
1414 4131 1528 4174 eorum
1554 4111 1645 4178 dicta
1674 4133 1736 4197 pro

381 4249 460 4295 vero
489 4227 708 4304 fundamento
739 4239 923 4302 assumunt·
980 4230 1062 4294 lnde
1091 4229 1275 4299 Eunomius
1308 4230 1440 4313 profert,
1474 4233 1583 4316 ‘quod
1620 4245 1735 4309 natum
