<?xml version="1.0" encoding="UTF-8"?>
<!DOCTYPE html PUBLIC "-//W3C//DTD XHTML 1.0 Transitional//EN"
    "http://www.w3.org/TR/xhtml1/DTD/xhtml1-transitional.dtd">
<html xmlns="http://www.w3.org/1999/xhtml" xml:lang="en" lang="en">
 <head>
  <title>
</title>
<meta http-equiv="Content-Type" content="text/html;charset=utf-8" />
  <meta name='ocr-system' content='tesseract 3.04.00' />
  <meta name='ocr-capabilities' content='ocr_page ocr_carea ocr_par ocr_line ocrx_word'/>
</head>
<body>
  <div class='ocr_page' id='page_1' title='image "./locielibroverit01gascgoog_0161.png"; bbox 0 0 4338 4936; ppageno 0'>
   <div class='ocr_carea' id='block_1_1' title="bbox 486 390 1464 474">
    <p class='ocr_par' dir='ltr' id='par_1_1' title="bbox 486 390 1464 474">
     <span class='ocr_line' id='line_1_1' title="bbox 486 390 1464 474; baseline 0.002 -22"><span class='ocrx_word' id='word_1_1' title='bbox 486 390 529 474; x_wconf 83' lang='lat'>58</span> <span class='ocrx_word' id='word_1_2' title='bbox 864 401 964 458; x_wconf 83' lang='lat' dir='ltr'><em>LOCI</em></span> <span class='ocrx_word' id='word_1_3' title='bbox 989 401 1019 455; x_wconf 90' lang='lat' dir='ltr'><em>E</em></span> <span class='ocrx_word' id='word_1_4' title='bbox 1047 400 1171 456; x_wconf 87' lang='lat' dir='ltr'><em>LIBRO</em></span> <span class='ocrx_word' id='word_1_5' title='bbox 1206 400 1464 455; x_wconf 80' lang='lat' dir='ltr'><em>VERITAYUM.</em></span> 
     </span>
    </p>
   </div>
   <div class='ocr_carea' id='block_1_2' title="bbox 487 613 1849 3598">
    <p class='ocr_par' dir='ltr' id='par_1_2' title="bbox 487 613 1849 3598">
     <span class='ocr_line' id='line_1_2' title="bbox 487 613 1841 699; baseline -0.004 -19"><span class='ocrx_word' id='word_1_6' title='bbox 487 617 613 680; x_wconf 87' lang='lat' dir='ltr'>amicos</span> <span class='ocrx_word' id='word_1_7' title='bbox 643 637 720 680; x_wconf 92' lang='lat' dir='ltr'>suos</span> <span class='ocrx_word' id='word_1_8' title='bbox 749 617 895 682; x_wconf 89' lang='lat' dir='ltr'>camales</span> <span class='ocrx_word' id='word_1_9' title='bbox 927 617 1032 699; x_wconf 84' lang='lat' dir='ltr'>magis</span> <span class='ocrx_word' id='word_1_10' title='bbox 1062 638 1163 698; x_wconf 90' lang='lat' dir='ltr'>quam</span> <span class='ocrx_word' id='word_1_11' title='bbox 1204 617 1323 692; x_wconf 90' lang='lat' dir='ltr'>Deum,</span> <span class='ocrx_word' id='word_1_12' title='bbox 1354 618 1409 698; x_wconf 92' lang='lat' dir='ltr'>qui</span> <span class='ocrx_word' id='word_1_13' title='bbox 1440 635 1505 680; x_wconf 91' lang='lat' dir='ltr'>non</span> <span class='ocrx_word' id='word_1_14' title='bbox 1536 614 1707 679; x_wconf 91' lang='lat' dir='ltr'>conlerunt</span> <span class='ocrx_word' id='word_1_15' title='bbox 1735 613 1841 676; x_wconf 87' lang='lat' dir='ltr'>officia</span> 
     </span>
     <span class='ocr_line' id='line_1_3' title="bbox 491 735 1842 824; baseline -0.004 -25"><span class='ocrx_word' id='word_1_16' title='bbox 491 736 720 814; x_wconf 87' lang='lat' dir='ltr'>ecclesiastica,</span> <span class='ocrx_word' id='word_1_17' title='bbox 741 758 786 803; x_wconf 92' lang='lat' dir='ltr'>sc.</span> <span class='ocrx_word' id='word_1_18' title='bbox 807 740 1024 824; x_wconf 89' lang='lat' dir='ltr'>episcopatus,</span> <span class='ocrx_word' id='word_1_19' title='bbox 1043 740 1207 816; x_wconf 78' lang='lat' dir='ltr'>tectonas,</span> <span class='ocrx_word' id='word_1_20' title='bbox 1228 750 1262 802; x_wconf 89' lang='lat' dir='ltr'>et</span> <span class='ocrx_word' id='word_1_21' title='bbox 1283 738 1348 800; x_wconf 91' lang='lat' dir='ltr'>alia</span> <span class='ocrx_word' id='word_1_22' title='bbox 1368 737 1483 815; x_wconf 86' lang='lat' dir='ltr'>officia,</span> <span class='ocrx_word' id='word_1_23' title='bbox 1503 736 1566 800; x_wconf 92' lang='lat' dir='ltr'>illis</span> <span class='ocrx_word' id='word_1_24' title='bbox 1587 738 1642 819; x_wconf 91' lang='lat' dir='ltr'>qui</span> <span class='ocrx_word' id='word_1_25' title='bbox 1670 735 1786 808; x_wconf 88' lang='lat' dir='ltr'>sciunt,</span> <span class='ocrx_word' id='word_1_26' title='bbox 1808 743 1842 794; x_wconf 91' lang='lat' dir='ltr'>et</span> 
     </span>
     <span class='ocr_line' id='line_1_4' title="bbox 490 854 1843 940; baseline -0.004 -20"><span class='ocrx_word' id='word_1_27' title='bbox 490 866 637 939; x_wconf 88' lang='lat' dir='ltr'>possunt,</span> <span class='ocrx_word' id='word_1_28' title='bbox 654 866 688 922; x_wconf 91' lang='lat' dir='ltr'>et</span> <span class='ocrx_word' id='word_1_29' title='bbox 702 858 817 924; x_wconf 90' lang='lat' dir='ltr'>volunt</span> <span class='ocrx_word' id='word_1_30' title='bbox 833 859 973 922; x_wconf 86' lang='lat' dir='ltr'>sciencia</span> <span class='ocrx_word' id='word_1_31' title='bbox 989 866 1022 922; x_wconf 93' lang='lat' dir='ltr'>et</span> <span class='ocrx_word' id='word_1_32' title='bbox 1037 859 1106 922; x_wconf 91' lang='lat' dir='ltr'>vita</span> <span class='ocrx_word' id='word_1_33' title='bbox 1122 869 1155 923; x_wconf 90' lang='lat' dir='ltr'>et</span> <span class='ocrx_word' id='word_1_34' title='bbox 1170 860 1319 922; x_wconf 89' lang='lat' dir='ltr'>doctrina</span> <span class='ocrx_word' id='word_1_35' title='bbox 1334 859 1443 940; x_wconf 90' lang='lat' dir='ltr'>plures</span> <span class='ocrx_word' id='word_1_36' title='bbox 1460 859 1492 921; x_wconf 89' lang='lat' dir='ltr'>in</span> <span class='ocrx_word' id='word_1_37' title='bbox 1507 857 1682 921; x_wconf 87' lang='lat' dir='ltr'>virtutibus</span> <span class='ocrx_word' id='word_1_38' title='bbox 1695 854 1843 918; x_wconf 90' lang='lat' dir='ltr'>Domino</span> 
     </span>
     <span class='ocr_line' id='line_1_5' title="bbox 488 977 1843 1059; baseline -0.004 -18"><span class='ocrx_word' id='word_1_39' title='bbox 488 978 668 1059; x_wconf 85' lang='lat' dir='ltr'>acquirere,</span> <span class='ocrx_word' id='word_1_40' title='bbox 684 978 743 1042; x_wconf 92' lang='lat' dir='ltr'>sed</span> <span class='ocrx_word' id='word_1_41' title='bbox 759 979 872 1042; x_wconf 89' lang='lat' dir='ltr'>amicis</span> <span class='ocrx_word' id='word_1_42' title='bbox 887 979 954 1042; x_wconf 91' lang='lat' dir='ltr'>suis</span> <span class='ocrx_word' id='word_1_43' title='bbox 974 979 1160 1043; x_wconf 90' lang='lat' dir='ltr'>carnalibus</span> <span class='ocrx_word' id='word_1_44' title='bbox 1175 979 1355 1055; x_wconf 79' lang='lat' dir='ltr'>conserunt,</span> <span class='ocrx_word' id='word_1_45' title='bbox 1372 988 1409 1043; x_wconf 91' lang='lat' dir='ltr'>ut</span> <span class='ocrx_word' id='word_1_46' title='bbox 1424 980 1571 1043; x_wconf 85' lang='lat' dir='ltr'>ditentur</span> <span class='ocrx_word' id='word_1_47' title='bbox 1589 987 1623 1040; x_wconf 88' lang='lat' dir='ltr'>et</span> <span class='ocrx_word' id='word_1_48' title='bbox 1641 977 1843 1039; x_wconf 88' lang='lat' dir='ltr'>honorentur</span> 
     </span>
     <span class='ocr_line' id='line_1_6' title="bbox 491 1097 1841 1181; baseline -0.001 -22"><span class='ocrx_word' id='word_1_49' title='bbox 491 1097 692 1180; x_wconf 82' lang='lat' dir='ltr'>pinguedine</span> <span class='ocrx_word' id='word_1_50' title='bbox 713 1107 807 1162; x_wconf 84' lang='lat' dir='ltr'>terrae</span> <span class='ocrx_word' id='word_1_51' title='bbox 830 1100 873 1162; x_wconf 93' lang='lat' dir='ltr'>de</span> <span class='ocrx_word' id='word_1_52' title='bbox 895 1100 990 1162; x_wconf 90' lang='lat' dir='ltr'>bonis</span> <span class='ocrx_word' id='word_1_53' title='bbox 1014 1099 1158 1164; x_wconf 79' lang='lat' dir='ltr'>ecclesiae</span> <span class='ocrx_word' id='word_1_54' title='bbox 1177 1100 1264 1164; x_wconf 92' lang='lat' dir='ltr'>datis</span> <span class='ocrx_word' id='word_1_55' title='bbox 1279 1121 1299 1164; x_wconf 91' lang='lat' dir='ltr'>a</span> <span class='ocrx_word' id='word_1_56' title='bbox 1316 1101 1391 1163; x_wconf 92' lang='lat' dir='ltr'>Deo</span> <span class='ocrx_word' id='word_1_57' title='bbox 1413 1102 1445 1163; x_wconf 92' lang='lat' dir='ltr'>in</span> <span class='ocrx_word' id='word_1_58' title='bbox 1468 1109 1683 1181; x_wconf 85' lang='lat' dir='ltr'>augmentum</span> <span class='ocrx_word' id='word_1_59' title='bbox 1705 1115 1841 1179; x_wconf 91' lang='lat' dir='ltr'>operum</span> 
     </span>
     <span class='ocr_line' id='line_1_7' title="bbox 491 1215 1844 1303; baseline -0.003 -21"><span class='ocrx_word' id='word_1_60' title='bbox 491 1217 656 1282; x_wconf 90' lang='lat' dir='ltr'>bonorum</span> <span class='ocrx_word' id='word_1_61' title='bbox 678 1227 713 1283; x_wconf 88' lang='lat' dir='ltr'>et</span> <span class='ocrx_word' id='word_1_62' title='bbox 735 1228 869 1284; x_wconf 87' lang='lat' dir='ltr'>actuum</span> <span class='ocrx_word' id='word_1_63' title='bbox 892 1220 1119 1303; x_wconf 87' lang='lat' dir='ltr'>spiritualium,</span> <span class='ocrx_word' id='word_1_64' title='bbox 1141 1232 1178 1286; x_wconf 93' lang='lat' dir='ltr'>ut</span> <span class='ocrx_word' id='word_1_65' title='bbox 1202 1231 1342 1285; x_wconf 89' lang='lat' dir='ltr'>testatur</span> <span class='ocrx_word' id='word_1_66' title='bbox 1367 1221 1510 1286; x_wconf 90' lang='lat' dir='ltr'>Sanctus</span> <span class='ocrx_word' id='word_1_67' title='bbox 1531 1220 1720 1301; x_wconf 87' lang='lat' dir='ltr'>Jeronimus</span> <span class='ocrx_word' id='word_1_68' title='bbox 1746 1215 1844 1298; x_wconf 84' lang='lat' dir='ltr'>super</span> 
     </span>
     <span class='ocr_line' id='line_1_8' title="bbox 493 1339 1842 1422; baseline -0.002 -20"><span class='ocrx_word' id='word_1_69' title='bbox 493 1339 681 1422; x_wconf 87' lang='lat' dir='ltr'>Epistolam</span> <span class='ocrx_word' id='word_1_70' title='bbox 695 1341 739 1404; x_wconf 87' lang='lat' dir='ltr'>ad</span> <span class='ocrx_word' id='word_1_71' title='bbox 755 1341 879 1420; x_wconf 91' lang='lat' dir='ltr'>Titum,</span> <span class='ocrx_word' id='word_1_72' title='bbox 893 1343 926 1406; x_wconf 91' lang='lat' dir='ltr'>in</span> <span class='ocrx_word' id='word_1_73' title='bbox 938 1341 1192 1406; x_wconf 90' lang='lat' dir='ltr'>Commentariis</span> <span class='ocrx_word' id='word_1_74' title='bbox 1208 1344 1283 1408; x_wconf 85' lang='lat' dir='ltr'>suis.</span> <span class='ocrx_word' id='word_1_75' title='bbox 1322 1343 1473 1407; x_wconf 87' lang='lat' dir='ltr'>Honorat</span> <span class='ocrx_word' id='word_1_76' title='bbox 1486 1345 1574 1406; x_wconf 92' lang='lat' dir='ltr'>enim</span> <span class='ocrx_word' id='word_1_77' title='bbox 1588 1341 1730 1405; x_wconf 89' lang='lat' dir='ltr'>amicum</span> <span class='ocrx_word' id='word_1_78' title='bbox 1747 1357 1842 1400; x_wconf 89' lang='lat' dir='ltr'>suum</span> 
     </span>
     <span class='ocr_line' id='line_1_9' title="bbox 493 1459 1844 1547; baseline -0.002 -24"><span class='ocrx_word' id='word_1_79' title='bbox 493 1461 659 1526; x_wconf 90' lang='lat' dir='ltr'>carnalem</span> <span class='ocrx_word' id='word_1_80' title='bbox 681 1464 787 1546; x_wconf 86' lang='lat' dir='ltr'>magis</span> <span class='ocrx_word' id='word_1_81' title='bbox 802 1483 904 1545; x_wconf 90' lang='lat' dir='ltr'>quam</span> <span class='ocrx_word' id='word_1_82' title='bbox 921 1463 1041 1532; x_wconf 79' lang='lat' dir='ltr'>Deum,</span> <span class='ocrx_word' id='word_1_83' title='bbox 1058 1465 1114 1545; x_wconf 91' lang='lat' dir='ltr'>qui</span> <span class='ocrx_word' id='word_1_84' title='bbox 1137 1485 1230 1528; x_wconf 89' lang='lat' dir='ltr'>suam</span> <span class='ocrx_word' id='word_1_85' title='bbox 1254 1465 1421 1547; x_wconf 90' lang='lat' dir='ltr'>propriam</span> <span class='ocrx_word' id='word_1_86' title='bbox 1444 1464 1476 1526; x_wconf 91' lang='lat' dir='ltr'>in</span> <span class='ocrx_word' id='word_1_87' title='bbox 1500 1485 1539 1526; x_wconf 91' lang='lat' dir='ltr'>eo</span> <span class='ocrx_word' id='word_1_88' title='bbox 1563 1462 1679 1544; x_wconf 90' lang='lat' dir='ltr'>implet</span> <span class='ocrx_word' id='word_1_89' title='bbox 1693 1459 1844 1524; x_wconf 89' lang='lat' dir='ltr'>volunta-</span> 
     </span>
     <span class='ocr_line' id='line_1_10' title="bbox 493 1579 1844 1665; baseline -0.004 -19"><span class='ocrx_word' id='word_1_90' title='bbox 493 1591 571 1658; x_wconf 92' lang='lat' dir='ltr'>tem,</span> <span class='ocrx_word' id='word_1_91' title='bbox 587 1591 621 1645; x_wconf 93' lang='lat' dir='ltr'>et</span> <span class='ocrx_word' id='word_1_92' title='bbox 636 1602 703 1646; x_wconf 90' lang='lat' dir='ltr'>non</span> <span class='ocrx_word' id='word_1_93' title='bbox 722 1584 786 1646; x_wconf 92' lang='lat' dir='ltr'>Dei</span> <span class='ocrx_word' id='word_1_94' title='bbox 802 1585 988 1665; x_wconf 91' lang='lat' dir='ltr'>imperium.</span> <span class='ocrx_word' id='word_1_95' title='bbox 1031 1584 1124 1648; x_wconf 88' lang='lat' dir='ltr'>Talis</span> <span class='ocrx_word' id='word_1_96' title='bbox 1143 1605 1209 1648; x_wconf 90' lang='lat' dir='ltr'>non</span> <span class='ocrx_word' id='word_1_97' title='bbox 1228 1584 1307 1648; x_wconf 84' lang='lat' dir='ltr'>facit</span> <span class='ocrx_word' id='word_1_98' title='bbox 1322 1587 1406 1649; x_wconf 92' lang='lat' dir='ltr'>sicut</span> <span class='ocrx_word' id='word_1_99' title='bbox 1422 1584 1498 1648; x_wconf 90' lang='lat' dir='ltr'>lecit</span> <span class='ocrx_word' id='word_1_100' title='bbox 1513 1583 1616 1664; x_wconf 88' lang='lat' dir='ltr'>Judas</span> <span class='ocrx_word' id='word_1_101' title='bbox 1632 1579 1844 1653; x_wconf 87' lang='lat' dir='ltr'>Machabeus,</span> 
     </span>
     <span class='ocr_line' id='line_1_11' title="bbox 492 1699 1844 1784; baseline -0.003 -20"><span class='ocrx_word' id='word_1_102' title='bbox 492 1703 550 1784; x_wconf 92' lang='lat' dir='ltr'>qui</span> <span class='ocrx_word' id='word_1_103' title='bbox 575 1702 676 1784; x_wconf 86' lang='lat' dir='ltr'>elegit</span> <span class='ocrx_word' id='word_1_104' title='bbox 701 1706 888 1770; x_wconf 86' lang='lat' dir='ltr'>sacerdotes</span> <span class='ocrx_word' id='word_1_105' title='bbox 919 1705 1008 1769; x_wconf 89' lang='lat' dir='ltr'>‘sine</span> <span class='ocrx_word' id='word_1_106' title='bbox 1034 1706 1163 1769; x_wconf 86' lang='lat' dir='ltr'>macula</span> <span class='ocrx_word' id='word_1_107' title='bbox 1190 1705 1394 1769; x_wconf 88' lang='lat' dir='ltr'>voluntatem</span> <span class='ocrx_word' id='word_1_108' title='bbox 1421 1704 1581 1767; x_wconf 88' lang='lat' dir='ltr'>habentes</span> <span class='ocrx_word' id='word_1_109' title='bbox 1608 1704 1640 1765; x_wconf 90' lang='lat' dir='ltr'>in</span> <span class='ocrx_word' id='word_1_110' title='bbox 1671 1701 1744 1784; x_wconf 84' lang='lat' dir='ltr'>lege</span> <span class='ocrx_word' id='word_1_111' title='bbox 1771 1699 1844 1773; x_wconf 87' lang='lat' dir='ltr'>Dei,</span> 
     </span>
     <span class='ocr_line' id='line_1_12' title="bbox 494 1821 1845 1908; baseline -0.004 -22"><span class='ocrx_word' id='word_1_112' title='bbox 494 1833 528 1886; x_wconf 88' lang='lat' dir='ltr'>et</span> <span class='ocrx_word' id='word_1_113' title='bbox 544 1824 785 1889; x_wconf 88' lang='lat' dir='ltr'>mundaverunt</span> <span class='ocrx_word' id='word_1_114' title='bbox 807 1823 939 1904; x_wconf 90' lang='lat' dir='ltr'>sancta‚’</span> <span class='ocrx_word' id='word_1_115' title='bbox 961 1826 1020 1890; x_wconf 83' lang='lat' dir='ltr'>ie.</span> <span class='ocrx_word' id='word_1_116' title='bbox 1044 1827 1216 1908; x_wconf 90' lang='lat' dir='ltr'>templum,</span> <span class='ocrx_word' id='word_1_117' title='bbox 1232 1827 1338 1908; x_wconf 91' lang='lat' dir='ltr'>primo</span> <span class='ocrx_word' id='word_1_118' title='bbox 1358 1825 1615 1889; x_wconf 88' lang='lat' dir='ltr'>Machabeorum</span> <span class='ocrx_word' id='word_1_119' title='bbox 1632 1823 1701 1904; x_wconf 83' lang='lat' dir='ltr'>iiij0.</span> <span class='ocrx_word' id='word_1_120' title='bbox 1747 1821 1845 1882; x_wconf 90' lang='lat' dir='ltr'>Mun·</span> 
     </span>
     <span class='ocr_line' id='line_1_13' title="bbox 494 1940 1845 2044; baseline -0.004 -38"><span class='ocrx_word' id='word_1_121' title='bbox 494 1943 577 2006; x_wconf 90' lang='lat' dir='ltr'>dant</span> <span class='ocrx_word' id='word_1_122' title='bbox 600 1944 774 2008; x_wconf 89' lang='lat' dir='ltr'>ecclesiam</span> <span class='ocrx_word' id='word_1_123' title='bbox 791 1946 846 2028; x_wconf 92' lang='lat' dir='ltr'>qui</span> <span class='ocrx_word' id='word_1_124' title='bbox 865 1945 1042 2010; x_wconf 81' lang='lat' dir='ltr'>reformant</span> <span class='ocrx_word' id='word_1_125' title='bbox 1057 1947 1247 2029; x_wconf 90' lang='lat' dir='ltr'>parochiam</span> <span class='ocrx_word' id='word_1_126' title='bbox 1271 1967 1363 2009; x_wconf 90' lang='lat' dir='ltr'>suam</span> <span class='ocrx_word' id='word_1_127' title='bbox 1380 1945 1431 2008; x_wconf 88' lang='lat' dir='ltr'>vel</span> <span class='ocrx_word' id='word_1_128' title='bbox 1450 1946 1618 2009; x_wconf 86' lang='lat' dir='ltr'>diocesim.</span> <span class='ocrx_word' id='word_1_129' title='bbox 1637 2033 1643 2044; x_wconf 37' lang='lat'><strong>·</strong></span> <span class='ocrx_word' id='word_1_130' title='bbox 1665 1943 1742 2024; x_wconf 90' lang='lat' dir='ltr'>Ipse</span> <span class='ocrx_word' id='word_1_131' title='bbox 1757 1940 1845 2004; x_wconf 89' lang='lat' dir='ltr'>enim</span> 
     </span>
     <span class='ocr_line' id='line_1_14' title="bbox 494 2064 1846 2149; baseline -0.006 -19"><span class='ocrx_word' id='word_1_132' title='bbox 494 2074 546 2130; x_wconf 85' lang='lat' dir='ltr'>est</span> <span class='ocrx_word' id='word_1_133' title='bbox 569 2064 676 2128; x_wconf 89' lang='lat' dir='ltr'>malus</span> <span class='ocrx_word' id='word_1_134' title='bbox 699 2075 807 2130; x_wconf 87' lang='lat' dir='ltr'>rector</span> <span class='ocrx_word' id='word_1_135' title='bbox 828 2087 886 2129; x_wconf 91' lang='lat' dir='ltr'>seu</span> <span class='ocrx_word' id='word_1_136' title='bbox 908 2067 1082 2130; x_wconf 87' lang='lat' dir='ltr'>officiarius</span> <span class='ocrx_word' id='word_1_137' title='bbox 1110 2067 1255 2131; x_wconf 89' lang='lat' dir='ltr'>ecclesiae</span> <span class='ocrx_word' id='word_1_138' title='bbox 1278 2067 1335 2149; x_wconf 91' lang='lat' dir='ltr'>qui</span> <span class='ocrx_word' id='word_1_139' title='bbox 1365 2088 1431 2129; x_wconf 95' lang='lat' dir='ltr'>non</span> <span class='ocrx_word' id='word_1_140' title='bbox 1460 2065 1538 2130; x_wconf 85' lang='lat' dir='ltr'>lacit</span> <span class='ocrx_word' id='word_1_141' title='bbox 1569 2065 1624 2127; x_wconf 92' lang='lat' dir='ltr'>illa</span> <span class='ocrx_word' id='word_1_142' title='bbox 1647 2083 1748 2144; x_wconf 87' lang='lat' dir='ltr'>opera</span> <span class='ocrx_word' id='word_1_143' title='bbox 1771 2081 1846 2143; x_wconf 76' lang='lat' dir='ltr'>quae</span> 
     </span>
     <span class='ocr_line' id='line_1_15' title="bbox 493 2183 1846 2270; baseline -0.004 -20"><span class='ocrx_word' id='word_1_144' title='bbox 493 2183 616 2250; x_wconf 87' lang='lat' dir='ltr'>laceret</span> <span class='ocrx_word' id='word_1_145' title='bbox 635 2194 670 2249; x_wconf 90' lang='lat' dir='ltr'>et</span> <span class='ocrx_word' id='word_1_146' title='bbox 693 2186 748 2268; x_wconf 93' lang='lat' dir='ltr'>qui</span> <span class='ocrx_word' id='word_1_147' title='bbox 773 2186 852 2250; x_wconf 85' lang='lat' dir='ltr'>lacit</span> <span class='ocrx_word' id='word_1_148' title='bbox 876 2208 976 2269; x_wconf 89' lang='lat' dir='ltr'>opera</span> <span class='ocrx_word' id='word_1_149' title='bbox 1002 2189 1164 2252; x_wconf 88' lang='lat' dir='ltr'>contraria</span> <span class='ocrx_word' id='word_1_150' title='bbox 1190 2187 1254 2252; x_wconf 91' lang='lat' dir='ltr'>illis</span> <span class='ocrx_word' id='word_1_151' title='bbox 1275 2209 1350 2270; x_wconf 83' lang='lat' dir='ltr'>quae</span> <span class='ocrx_word' id='word_1_152' title='bbox 1377 2187 1507 2250; x_wconf 87' lang='lat' dir='ltr'>laceret.</span> <span class='ocrx_word' id='word_1_153' title='bbox 1553 2185 1649 2267; x_wconf 89' lang='lat' dir='ltr'>Opus</span> <span class='ocrx_word' id='word_1_154' title='bbox 1671 2184 1773 2248; x_wconf 89' lang='lat' dir='ltr'>curati</span> <span class='ocrx_word' id='word_1_155' title='bbox 1796 2190 1846 2244; x_wconf 92' lang='lat' dir='ltr'>est</span> 
     </span>
     <span class='ocr_line' id='line_1_16' title="bbox 496 2303 1848 2390; baseline -0.001 -24"><span class='ocrx_word' id='word_1_156' title='bbox 496 2305 727 2388; x_wconf 87' lang='lat' dir='ltr'>evangelizare</span> <span class='ocrx_word' id='word_1_157' title='bbox 751 2317 784 2370; x_wconf 92' lang='lat' dir='ltr'>et</span> <span class='ocrx_word' id='word_1_158' title='bbox 811 2307 978 2372; x_wconf 88' lang='lat' dir='ltr'>testificari</span> <span class='ocrx_word' id='word_1_159' title='bbox 1002 2307 1126 2390; x_wconf 90' lang='lat' dir='ltr'>judicia</span> <span class='ocrx_word' id='word_1_160' title='bbox 1156 2309 1220 2373; x_wconf 89' lang='lat' dir='ltr'>Dei</span> <span class='ocrx_word' id='word_1_161' title='bbox 1245 2319 1284 2380; x_wconf 69' lang='lat' dir='ltr'>¹et</span> <span class='ocrx_word' id='word_1_162' title='bbox 1311 2329 1385 2390; x_wconf 84' lang='lat' dir='ltr'>quae</span> <span class='ocrx_word' id='word_1_163' title='bbox 1415 2308 1487 2372; x_wconf 91' lang='lat' dir='ltr'>vult</span> <span class='ocrx_word' id='word_1_164' title='bbox 1516 2307 1609 2370; x_wconf 92' lang='lat' dir='ltr'>Deus</span> <span class='ocrx_word' id='word_1_165' title='bbox 1640 2303 1848 2368; x_wconf 85' lang='lat' dir='ltr'>manifestare</span> 
     </span>
     <span class='ocr_line' id='line_1_17' title="bbox 496 2424 1847 2508; baseline -0.001 -22"><span class='ocrx_word' id='word_1_166' title='bbox 496 2424 621 2506; x_wconf 90' lang='lat' dir='ltr'>populo</span> <span class='ocrx_word' id='word_1_167' title='bbox 644 2425 717 2498; x_wconf 79' lang='lat' dir='ltr'>Dei,</span> <span class='ocrx_word' id='word_1_168' title='bbox 743 2437 777 2490; x_wconf 93' lang='lat' dir='ltr'>et</span> <span class='ocrx_word' id='word_1_169' title='bbox 801 2426 865 2492; x_wconf 93' lang='lat' dir='ltr'>hoc</span> <span class='ocrx_word' id='word_1_170' title='bbox 889 2429 990 2492; x_wconf 91' lang='lat' dir='ltr'>verbo</span> <span class='ocrx_word' id='word_1_171' title='bbox 1014 2439 1113 2506; x_wconf 90' lang='lat' dir='ltr'>recto,</span> <span class='ocrx_word' id='word_1_172' title='bbox 1136 2439 1170 2494; x_wconf 90' lang='lat' dir='ltr'>et</span> <span class='ocrx_word' id='word_1_173' title='bbox 1194 2427 1378 2504; x_wconf 66' lang='lat' dir='ltr'>manifesto</span> <span class='ocrx_word' id='word_1_174' title='bbox 1404 2439 1438 2495; x_wconf 92' lang='lat' dir='ltr'>et</span> <span class='ocrx_word' id='word_1_175' title='bbox 1463 2429 1540 2500; x_wconf 89' lang='lat' dir='ltr'>vita,</span> <span class='ocrx_word' id='word_1_176' title='bbox 1566 2436 1599 2490; x_wconf 91' lang='lat' dir='ltr'>et</span> <span class='ocrx_word' id='word_1_177' title='bbox 1625 2424 1789 2508; x_wconf 86' lang='lat' dir='ltr'>exemplo,</span> <span class='ocrx_word' id='word_1_178' title='bbox 1814 2433 1847 2486; x_wconf 90' lang='lat' dir='ltr'>et</span> 
     </span>
     <span class='ocr_line' id='line_1_18' title="bbox 496 2539 1848 2631; baseline -0.001 -24"><span class='ocrx_word' id='word_1_179' title='bbox 496 2545 664 2625; x_wconf 90' lang='lat' dir='ltr'>subsidio;</span> <span class='ocrx_word' id='word_1_180' title='bbox 688 2550 776 2612; x_wconf 90' lang='lat' dir='ltr'>unde</span> <span class='ocrx_word' id='word_1_181' title='bbox 797 2550 991 2631; x_wconf 84' lang='lat' dir='ltr'>praedicacio</span> <span class='ocrx_word' id='word_1_182' title='bbox 1007 2559 1151 2624; x_wconf 89' lang='lat' dir='ltr'>vocatur,</span> <span class='ocrx_word' id='word_1_183' title='bbox 1171 2549 1319 2614; x_wconf 89' lang='lat' dir='ltr'>Actuum</span> <span class='ocrx_word' id='word_1_184' title='bbox 1341 2551 1496 2614; x_wconf 89' lang='lat' dir='ltr'>vicesimo</span> <span class='ocrx_word' id='word_1_185' title='bbox 1519 2556 1580 2625; x_wconf 87' lang='lat' dir='ltr'>ca⁰,</span> <span class='ocrx_word' id='word_1_186' title='bbox 1597 2539 1848 2621; x_wconf 74' lang='lat' dir='ltr'>‘annunciaciq’</span> 
     </span>
     <span class='ocr_line' id='line_1_19' title="bbox 496 2666 1847 2752; baseline -0.001 -22"><span class='ocrx_word' id='word_1_187' title='bbox 496 2666 557 2730; x_wconf 91' lang='lat' dir='ltr'>i.e.</span> <span class='ocrx_word' id='word_1_188' title='bbox 575 2678 690 2748; x_wconf 89' lang='lat' dir='ltr'>aperta</span> <span class='ocrx_word' id='word_1_189' title='bbox 712 2670 858 2733; x_wconf 89' lang='lat' dir='ltr'>ostensio</span> <span class='ocrx_word' id='word_1_190' title='bbox 884 2681 917 2734; x_wconf 92' lang='lat' dir='ltr'>et</span> <span class='ocrx_word' id='word_1_191' title='bbox 942 2670 1133 2744; x_wconf 88' lang='lat' dir='ltr'>declaracio,</span> <span class='ocrx_word' id='word_1_192' title='bbox 1153 2679 1189 2734; x_wconf 89' lang='lat' dir='ltr'>ut</span> <span class='ocrx_word' id='word_1_193' title='bbox 1213 2672 1319 2752; x_wconf 89' lang='lat' dir='ltr'>sapiat</span> <span class='ocrx_word' id='word_1_194' title='bbox 1341 2671 1476 2735; x_wconf 88' lang='lat' dir='ltr'>verbum</span> <span class='ocrx_word' id='word_1_195' title='bbox 1501 2671 1534 2733; x_wconf 90' lang='lat' dir='ltr'>in</span> <span class='ocrx_word' id='word_1_196' title='bbox 1559 2669 1658 2732; x_wconf 89' lang='lat' dir='ltr'>corde</span> <span class='ocrx_word' id='word_1_197' title='bbox 1675 2666 1847 2730; x_wconf 89' lang='lat' dir='ltr'>audientis.</span> 
     </span>
     <span class='ocr_line' id='line_1_20' title="bbox 498 2785 1847 2874; baseline 0 -26"><span class='ocrx_word' id='word_1_198' title='bbox 498 2785 644 2850; x_wconf 93' lang='lat' dir='ltr'>Primum</span> <span class='ocrx_word' id='word_1_199' title='bbox 660 2809 744 2870; x_wconf 92' lang='lat' dir='ltr'>opus</span> <span class='ocrx_word' id='word_1_200' title='bbox 762 2791 864 2853; x_wconf 90' lang='lat' dir='ltr'>curati</span> <span class='ocrx_word' id='word_1_201' title='bbox 881 2800 931 2854; x_wconf 89' lang='lat' dir='ltr'>est</span> <span class='ocrx_word' id='word_1_202' title='bbox 947 2791 1056 2865; x_wconf 90' lang='lat' dir='ltr'>verbo,</span> <span class='ocrx_word' id='word_1_203' title='bbox 1070 2801 1103 2854; x_wconf 91' lang='lat' dir='ltr'>et</span> <span class='ocrx_word' id='word_1_204' title='bbox 1119 2791 1209 2856; x_wconf 90' lang='lat' dir='ltr'>sacto</span> <span class='ocrx_word' id='word_1_205' title='bbox 1226 2792 1314 2855; x_wconf 91' lang='lat' dir='ltr'>bono</span> <span class='ocrx_word' id='word_1_206' title='bbox 1330 2792 1521 2874; x_wconf 87' lang='lat' dir='ltr'>exemplari,</span> <span class='ocrx_word' id='word_1_207' title='bbox 1537 2800 1623 2854; x_wconf 90' lang='lat' dir='ltr'>recte</span> <span class='ocrx_word' id='word_1_208' title='bbox 1639 2787 1798 2872; x_wconf 89' lang='lat' dir='ltr'>speculari</span> <span class='ocrx_word' id='word_1_209' title='bbox 1814 2788 1847 2849; x_wconf 90' lang='lat' dir='ltr'>in</span> 
     </span>
     <span class='ocr_line' id='line_1_21' title="bbox 497 2907 1848 2994; baseline 0.001 -24"><span class='ocrx_word' id='word_1_210' title='bbox 497 2907 583 2970; x_wconf 93' lang='lat' dir='ltr'>libro</span> <span class='ocrx_word' id='word_1_211' title='bbox 608 2918 808 2987; x_wconf 87' lang='lat' dir='ltr'>naturarum,</span> <span class='ocrx_word' id='word_1_212' title='bbox 833 2931 890 2974; x_wconf 90' lang='lat' dir='ltr'>seu</span> <span class='ocrx_word' id='word_1_213' title='bbox 917 2911 950 2972; x_wconf 92' lang='lat' dir='ltr'>in</span> <span class='ocrx_word' id='word_1_214' title='bbox 977 2911 1100 2974; x_wconf 85' lang='lat' dir='ltr'>noticia</span> <span class='ocrx_word' id='word_1_215' title='bbox 1125 2933 1241 2988; x_wconf 90' lang='lat' dir='ltr'>rerum,</span> <span class='ocrx_word' id='word_1_216' title='bbox 1267 2923 1301 2976; x_wconf 90' lang='lat' dir='ltr'>et</span> <span class='ocrx_word' id='word_1_217' title='bbox 1328 2913 1360 2975; x_wconf 94' lang='lat' dir='ltr'>in</span> <span class='ocrx_word' id='word_1_218' title='bbox 1388 2913 1470 2975; x_wconf 92' lang='lat' dir='ltr'>libro</span> <span class='ocrx_word' id='word_1_219' title='bbox 1495 2913 1664 2994; x_wconf 71' lang='lat' dir='ltr'>scriptura</span> <span class='ocrx_word' id='word_1_220' title='bbox 1690 2929 1789 2972; x_wconf 83' lang='lat' dir='ltr'>sacrae</span> <span class='ocrx_word' id='word_1_221' title='bbox 1814 2917 1848 2971; x_wconf 90' lang='lat' dir='ltr'>et</span> 
     </span>
     <span class='ocr_line' id='line_1_22' title="bbox 496 3029 1848 3114; baseline 0.001 -24"><span class='ocrx_word' id='word_1_222' title='bbox 496 3037 686 3090; x_wconf 89' lang='lat' dir='ltr'>sanctorum</span> <span class='ocrx_word' id='word_1_223' title='bbox 702 3029 875 3092; x_wconf 92' lang='lat' dir='ltr'>doctorum</span> <span class='ocrx_word' id='word_1_224' title='bbox 896 3029 951 3094; x_wconf 91' lang='lat' dir='ltr'>illa</span> <span class='ocrx_word' id='word_1_225' title='bbox 966 3051 1041 3114; x_wconf 85' lang='lat' dir='ltr'>quae</span> <span class='ocrx_word' id='word_1_226' title='bbox 1057 3033 1150 3096; x_wconf 91' lang='lat' dir='ltr'>Deus</span> <span class='ocrx_word' id='word_1_227' title='bbox 1170 3033 1357 3107; x_wconf 84' lang='lat' dir='ltr'>annunciat,</span> <span class='ocrx_word' id='word_1_228' title='bbox 1376 3043 1411 3096; x_wconf 92' lang='lat' dir='ltr'>ut</span> <span class='ocrx_word' id='word_1_229' title='bbox 1431 3033 1654 3096; x_wconf 90' lang='lat' dir='ltr'>testimonium</span> <span class='ocrx_word' id='word_1_230' title='bbox 1677 3029 1848 3113; x_wconf 88' lang='lat' dir='ltr'>perhibeat</span> 
     </span>
     <span class='ocr_line' id='line_1_23' title="bbox 497 3147 1848 3234; baseline -0.001 -22"><span class='ocrx_word' id='word_1_231' title='bbox 497 3147 626 3212; x_wconf 90' lang='lat' dir='ltr'>veritati</span> <span class='ocrx_word' id='word_1_232' title='bbox 654 3147 724 3224; x_wconf 92' lang='lat' dir='ltr'>hiis,</span> <span class='ocrx_word' id='word_1_233' title='bbox 746 3149 802 3230; x_wconf 93' lang='lat' dir='ltr'>qui</span> <span class='ocrx_word' id='word_1_234' title='bbox 830 3149 983 3232; x_wconf 87' lang='lat' dir='ltr'>ignorant</span> <span class='ocrx_word' id='word_1_235' title='bbox 1009 3161 1044 3216; x_wconf 92' lang='lat' dir='ltr'>et</span> <span class='ocrx_word' id='word_1_236' title='bbox 1069 3161 1185 3226; x_wconf 90' lang='lat' dir='ltr'>errant,</span> <span class='ocrx_word' id='word_1_237' title='bbox 1207 3173 1320 3215; x_wconf 90' lang='lat' dir='ltr'>verum</span> <span class='ocrx_word' id='word_1_238' title='bbox 1345 3174 1405 3234; x_wconf 93' lang='lat' dir='ltr'>pro</span> <span class='ocrx_word' id='word_1_239' title='bbox 1431 3153 1514 3216; x_wconf 85' lang='lat' dir='ltr'>salso</span> <span class='ocrx_word' id='word_1_240' title='bbox 1537 3163 1570 3216; x_wconf 93' lang='lat' dir='ltr'>et</span> <span class='ocrx_word' id='word_1_241' title='bbox 1596 3175 1615 3215; x_wconf 91' lang='lat' dir='ltr'>e</span> <span class='ocrx_word' id='word_1_242' title='bbox 1641 3162 1754 3216; x_wconf 88' lang='lat' dir='ltr'>contra</span> <span class='ocrx_word' id='word_1_243' title='bbox 1777 3161 1848 3212; x_wconf 90' lang='lat' dir='ltr'>ten-</span> 
     </span>
     <span class='ocr_line' id='line_1_24' title="bbox 497 3269 1849 3355; baseline 0.001 -24"><span class='ocrx_word' id='word_1_244' title='bbox 497 3278 601 3347; x_wconf 89' lang='lat' dir='ltr'>entes,</span> <span class='ocrx_word' id='word_1_245' title='bbox 625 3278 658 3332; x_wconf 93' lang='lat' dir='ltr'>et</span> <span class='ocrx_word' id='word_1_246' title='bbox 685 3269 747 3332; x_wconf 91' lang='lat' dir='ltr'>illis</span> <span class='ocrx_word' id='word_1_247' title='bbox 773 3271 830 3352; x_wconf 94' lang='lat' dir='ltr'>qui</span> <span class='ocrx_word' id='word_1_248' title='bbox 856 3282 1061 3354; x_wconf 87' lang='lat' dir='ltr'>cognoscunt</span> <span class='ocrx_word' id='word_1_249' title='bbox 1085 3293 1219 3352; x_wconf 91' lang='lat' dir='ltr'>verum;</span> <span class='ocrx_word' id='word_1_250' title='bbox 1253 3294 1343 3355; x_wconf 71' lang='lat' dir='ltr'>saepe</span> <span class='ocrx_word' id='word_1_251' title='bbox 1366 3295 1481 3338; x_wconf 90' lang='lat' dir='ltr'>verum</span> <span class='ocrx_word' id='word_1_252' title='bbox 1508 3285 1541 3338; x_wconf 92' lang='lat' dir='ltr'>et</span> <span class='ocrx_word' id='word_1_253' title='bbox 1567 3275 1693 3337; x_wconf 90' lang='lat' dir='ltr'>bonum</span> <span class='ocrx_word' id='word_1_254' title='bbox 1714 3272 1849 3336; x_wconf 88' lang='lat' dir='ltr'>reducat</span> 
     </span>
     <span class='ocr_line' id='line_1_25' title="bbox 498 3391 1848 3477; baseline 0.001 -25"><span class='ocrx_word' id='word_1_255' title='bbox 498 3399 631 3453; x_wconf 89' lang='lat' dir='ltr'>curatus</span> <span class='ocrx_word' id='word_1_256' title='bbox 646 3391 830 3454; x_wconf 88' lang='lat' dir='ltr'>animarum</span> <span class='ocrx_word' id='word_1_257' title='bbox 855 3392 888 3454; x_wconf 92' lang='lat' dir='ltr'>in</span> <span class='ocrx_word' id='word_1_258' title='bbox 911 3394 1104 3457; x_wconf 90' lang='lat' dir='ltr'>memoriam</span> <span class='ocrx_word' id='word_1_259' title='bbox 1126 3393 1264 3472; x_wconf 91' lang='lat' dir='ltr'>illorum,</span> <span class='ocrx_word' id='word_1_260' title='bbox 1281 3405 1317 3458; x_wconf 91' lang='lat' dir='ltr'>ut</span> <span class='ocrx_word' id='word_1_261' title='bbox 1332 3395 1438 3458; x_wconf 90' lang='lat' dir='ltr'>verius</span> <span class='ocrx_word' id='word_1_262' title='bbox 1456 3407 1664 3477; x_wconf 85' lang='lat' dir='ltr'>cognoscant,</span> <span class='ocrx_word' id='word_1_263' title='bbox 1681 3405 1714 3458; x_wconf 90' lang='lat' dir='ltr'>et</span> <span class='ocrx_word' id='word_1_264' title='bbox 1730 3403 1767 3457; x_wconf 92' lang='lat' dir='ltr'>ut</span> <span class='ocrx_word' id='word_1_265' title='bbox 1783 3413 1848 3456; x_wconf 94' lang='lat' dir='ltr'>non</span> 
     </span>
     <span class='ocr_line' id='line_1_26' title="bbox 498 3509 1848 3598; baseline 0.001 -26"><span class='ocrx_word' id='word_1_266' title='bbox 498 3509 740 3588; x_wconf 88' lang='lat' dir='ltr'>obliviscantur,</span> <span class='ocrx_word' id='word_1_267' title='bbox 755 3511 832 3593; x_wconf 90' lang='lat' dir='ltr'>quia</span> <span class='ocrx_word' id='word_1_268' title='bbox 849 3512 1013 3576; x_wconf 91' lang='lat' dir='ltr'>Dominus</span> <span class='ocrx_word' id='word_1_269' title='bbox 1031 3515 1187 3596; x_wconf 82' lang='lat' dir='ltr'>praecepit</span> <span class='ocrx_word' id='word_1_270' title='bbox 1204 3515 1327 3597; x_wconf 92' lang='lat' dir='ltr'>populo</span> <span class='ocrx_word' id='word_1_271' title='bbox 1345 3516 1444 3579; x_wconf 88' lang='lat' dir='ltr'>Israel</span> <span class='ocrx_word' id='word_1_272' title='bbox 1467 3516 1588 3580; x_wconf 88' lang='lat' dir='ltr'>habere</span> <span class='ocrx_word' id='word_1_273' title='bbox 1606 3535 1736 3598; x_wconf 90' lang='lat' dir='ltr'>semper</span> <span class='ocrx_word' id='word_1_274' title='bbox 1749 3513 1848 3576; x_wconf 90' lang='lat' dir='ltr'>verba</span> 
     </span>
    </p>
   </div>
   <div class='ocr_carea' id='block_1_3' title="bbox 500 3629 1849 3720">
    <p class='ocr_par' dir='ltr' id='par_1_3' title="bbox 500 3629 1849 3720">
     <span class='ocr_line' id='line_1_27' title="bbox 500 3629 1849 3720; baseline 0.007 -29"><span class='ocrx_word' id='word_1_275' title='bbox 500 3629 730 3692; x_wconf 90' lang='lat' dir='ltr'>mandatorum</span> <span class='ocrx_word' id='word_1_276' title='bbox 763 3631 836 3708; x_wconf 91' lang='lat' dir='ltr'>Dei,</span> <span class='ocrx_word' id='word_1_277' title='bbox 864 3653 905 3696; x_wconf 92' lang='lat' dir='ltr'>ne</span> <span class='ocrx_word' id='word_1_278' title='bbox 936 3634 991 3696; x_wconf 89' lang='lat' dir='ltr'>illa</span> <span class='ocrx_word' id='word_1_279' title='bbox 1021 3635 1297 3712; x_wconf 88' lang='lat' dir='ltr'>obliviscerentur,</span> <span class='ocrx_word' id='word_1_280' title='bbox 1326 3647 1361 3699; x_wconf 94' lang='lat' dir='ltr'>ut</span> <span class='ocrx_word' id='word_1_281' title='bbox 1391 3646 1502 3700; x_wconf 88' lang='lat' dir='ltr'>essent</span> <span class='ocrx_word' id='word_1_282' title='bbox 1531 3639 1625 3720; x_wconf 87' lang='lat' dir='ltr'>quasi</span> <span class='ocrx_word' id='word_1_283' title='bbox 1652 3640 1746 3720; x_wconf 86' lang='lat' dir='ltr'>signa</span> <span class='ocrx_word' id='word_1_284' title='bbox 1771 3648 1849 3701; x_wconf 87' lang='lat' dir='ltr'>ante</span> 
     </span>
    </p>
   </div>
   <div class='ocr_carea' id='block_1_4' title="bbox 498 3747 1857 4324">
    <p class='ocr_par' dir='ltr' id='par_1_4' title="bbox 498 3747 1857 4324">
     <span class='ocr_line' id='line_1_28' title="bbox 498 3747 1849 3839; baseline 0.007 -27"><span class='ocrx_word' id='word_1_285' title='bbox 498 3747 620 3828; x_wconf 90' lang='lat' dir='ltr'>oculos,</span> <span class='ocrx_word' id='word_1_286' title='bbox 644 3759 678 3813; x_wconf 87' lang='lat' dir='ltr'>et</span> <span class='ocrx_word' id='word_1_287' title='bbox 702 3751 781 3832; x_wconf 90' lang='lat' dir='ltr'>quia</span> <span class='ocrx_word' id='word_1_288' title='bbox 810 3751 954 3815; x_wconf 91' lang='lat' dir='ltr'>officium</span> <span class='ocrx_word' id='word_1_289' title='bbox 985 3755 1088 3817; x_wconf 90' lang='lat' dir='ltr'>curati</span> <span class='ocrx_word' id='word_1_290' title='bbox 1122 3765 1173 3818; x_wconf 91' lang='lat' dir='ltr'>est</span> <span class='ocrx_word' id='word_1_291' title='bbox 1203 3756 1250 3818; x_wconf 91' lang='lat' dir='ltr'>sic</span> <span class='ocrx_word' id='word_1_292' title='bbox 1280 3767 1368 3821; x_wconf 86' lang='lat' dir='ltr'>recte</span> <span class='ocrx_word' id='word_1_293' title='bbox 1397 3757 1558 3839; x_wconf 86' lang='lat' dir='ltr'>speculari</span> <span class='ocrx_word' id='word_1_294' title='bbox 1589 3767 1623 3821; x_wconf 92' lang='lat' dir='ltr'>et</span> <span class='ocrx_word' id='word_1_295' title='bbox 1652 3760 1849 3823; x_wconf 90' lang='lat' dir='ltr'>annunciare</span> 
     </span>
     <span class='ocr_line' id='line_1_29' title="bbox 498 3869 1857 3960; baseline 0.007 -28"><span class='ocrx_word' id='word_1_296' title='bbox 498 3869 704 3934; x_wconf 89' lang='lat' dir='ltr'>voluntatem</span> <span class='ocrx_word' id='word_1_297' title='bbox 732 3871 797 3934; x_wconf 92' lang='lat' dir='ltr'>Dei</span> <span class='ocrx_word' id='word_1_298' title='bbox 823 3872 947 3953; x_wconf 91' lang='lat' dir='ltr'>populo</span> <span class='ocrx_word' id='word_1_299' title='bbox 973 3894 1043 3949; x_wconf 89' lang='lat' dir='ltr'>suo,</span> <span class='ocrx_word' id='word_1_300' title='bbox 1070 3874 1145 3937; x_wconf 88' lang='lat' dir='ltr'>idco</span> <span class='ocrx_word' id='word_1_301' title='bbox 1176 3875 1340 3940; x_wconf 90' lang='lat' dir='ltr'>Dominus</span> <span class='ocrx_word' id='word_1_302' title='bbox 1366 3877 1550 3942; x_wconf 87' lang='lat' dir='ltr'>Ezechielis</span> <span class='ocrx_word' id='word_1_303' title='bbox 1579 3879 1628 3960; x_wconf 89' lang='lat' dir='ltr'>iij⁰</span> <span class='ocrx_word' id='word_1_304' title='bbox 1651 3890 1748 3943; x_wconf 90' lang='lat' dir='ltr'>vocat</span> <span class='ocrx_word' id='word_1_305' title='bbox 1774 3899 1857 3942; x_wconf 79' lang='lat' dir='ltr'>eum.</span> 
     </span>
     <span class='ocr_line' id='line_1_30' title="bbox 500 3989 1850 4083; baseline 0.007 -30"><span class='ocrx_word' id='word_1_306' title='bbox 500 3989 772 4072; x_wconf 91' lang='lat' dir='ltr'>‘speculatorem’</span> <span class='ocrx_word' id='word_1_307' title='bbox 793 4000 826 4055; x_wconf 90' lang='lat' dir='ltr'>et</span> <span class='ocrx_word' id='word_1_308' title='bbox 845 3994 1113 4058; x_wconf 79' lang='lat' dir='ltr'>annuntiatorem</span> <span class='ocrx_word' id='word_1_309' title='bbox 1129 3997 1302 4060; x_wconf 90' lang='lat' dir='ltr'>verborum</span> <span class='ocrx_word' id='word_1_310' title='bbox 1320 3999 1405 4076; x_wconf 90' lang='lat' dir='ltr'>Dei;</span> <span class='ocrx_word' id='word_1_311' title='bbox 1427 4020 1525 4082; x_wconf 90' lang='lat' dir='ltr'>super</span> <span class='ocrx_word' id='word_1_312' title='bbox 1536 4021 1602 4082; x_wconf 90' lang='lat' dir='ltr'>quo</span> <span class='ocrx_word' id='word_1_313' title='bbox 1618 4007 1695 4083; x_wconf 86' lang='lat' dir='ltr'>cap⁰</span> <span class='ocrx_word' id='word_1_314' title='bbox 1709 4011 1850 4064; x_wconf 88' lang='lat' dir='ltr'>testatur</span> 
     </span>
     <span class='ocr_line' id='line_1_31' title="bbox 500 4109 1849 4202; baseline 0.005 -26"><span class='ocrx_word' id='word_1_315' title='bbox 500 4109 643 4176; x_wconf 88' lang='lat' dir='ltr'>Sanctus</span> <span class='ocrx_word' id='word_1_316' title='bbox 658 4111 854 4192; x_wconf 91' lang='lat' dir='ltr'>Jeronimus,</span> <span class='ocrx_word' id='word_1_317' title='bbox 871 4113 988 4177; x_wconf 91' lang='lat' dir='ltr'>doctor</span> <span class='ocrx_word' id='word_1_318' title='bbox 1003 4116 1166 4180; x_wconf 84' lang='lat' dir='ltr'>coelestis:</span> <span class='ocrx_word' id='word_1_319' title='bbox 1191 4118 1247 4200; x_wconf 91' lang='lat' dir='ltr'>qui</span> <span class='ocrx_word' id='word_1_320' title='bbox 1267 4121 1455 4202; x_wconf 89' lang='lat' dir='ltr'>speculator</span> <span class='ocrx_word' id='word_1_321' title='bbox 1470 4121 1575 4185; x_wconf 87' lang='lat' dir='ltr'>lactus</span> <span class='ocrx_word' id='word_1_322' title='bbox 1593 4133 1652 4196; x_wconf 90' lang='lat' dir='ltr'>est,</span> <span class='ocrx_word' id='word_1_323' title='bbox 1669 4123 1768 4185; x_wconf 88' lang='lat' dir='ltr'>verba</span> <span class='ocrx_word' id='word_1_324' title='bbox 1785 4121 1849 4184; x_wconf 92' lang='lat' dir='ltr'>Dei</span> 
     </span>
     <span class='ocr_line' id='line_1_32' title="bbox 500 4230 1849 4324; baseline 0.007 -30"><span class='ocrx_word' id='word_1_325' title='bbox 500 4230 623 4314; x_wconf 90' lang='lat' dir='ltr'>populo</span> <span class='ocrx_word' id='word_1_326' title='bbox 646 4244 843 4312; x_wconf 88' lang='lat' dir='ltr'>narraturus,</span> <span class='ocrx_word' id='word_1_327' title='bbox 860 4233 966 4298; x_wconf 92' lang='lat' dir='ltr'>multo</span> <span class='ocrx_word' id='word_1_328' title='bbox 988 4245 1141 4319; x_wconf 90' lang='lat' dir='ltr'>tempore</span> <span class='ocrx_word' id='word_1_329' title='bbox 1163 4239 1263 4303; x_wconf 87' lang='lat' dir='ltr'>debet</span> <span class='ocrx_word' id='word_1_330' title='bbox 1282 4241 1450 4321; x_wconf 88' lang='lat' dir='ltr'>quiescere</span> <span class='ocrx_word' id='word_1_331' title='bbox 1469 4251 1502 4305; x_wconf 89' lang='lat' dir='ltr'>et</span> <span class='ocrx_word' id='word_1_332' title='bbox 1525 4242 1635 4305; x_wconf 90' lang='lat' dir='ltr'>dolere</span> <span class='ocrx_word' id='word_1_333' title='bbox 1658 4243 1699 4306; x_wconf 93' lang='lat' dir='ltr'>ad</span> <span class='ocrx_word' id='word_1_334' title='bbox 1720 4263 1758 4306; x_wconf 86' lang='lat' dir='ltr'>ca</span> <span class='ocrx_word' id='word_1_335' title='bbox 1775 4263 1849 4324; x_wconf 84' lang='lat' dir='ltr'>quae</span> 
     </span>
    </p>
   </div>
   <div class='ocr_carea' id='block_1_5' title="bbox 0 0 2186 4936">
    <p class='ocr_par' dir='ltr' id='par_1_5' title="bbox 0 0 2186 4936">
     <span class='ocr_line' id='line_1_33' title="bbox 0 0 2186 4936; baseline 0 0"><span class='ocrx_word' id='word_1_336' title='bbox 0 0 2186 4936; x_wconf 95' lang='lat' dir='ltr'> </span> 
     </span>
    </p>
   </div>
  </div>
 </body>
</html>
