4338 4936
714 418 810 473 LOCI
839 419 868 472 E
897 418 1022 474 LIBRO
1057 421 1315 480 VERITATUM.
1643 427 1681 496 51

417 643 451 710 [p.
466 641 536 708 ῳ]
591 633 666 716 Ego
704 632 853 696 Thomas
884 633 1079 716 Gascoigne,
1109 637 1265 720 indignus
1299 638 1462 713 sacerdos,
1499 646 1533 700 et
1568 635 1686 700 doctor

331 753 533 838 Theologiae‚
565 754 784 818 Eboracensis
810 754 959 830 diocesis,
986 754 1093 820 fateor
1122 758 1212 840 quod
1242 758 1319 823 licet
1349 778 1443 823 curas
1472 757 1683 822 ecclesiarum

330 875 565 958 parochialium
600 875 679 939 mihi
714 875 899 939 oblatarum
934 875 1081 955 refutavi,
1115 890 1250 962 propter
1281 880 1411 944 diversa
1445 879 1685 962 impedimenta

331 991 364 1054 in
394 1012 530 1075 corpore
560 1013 635 1057 meo
665 1001 699 1056 et
728 991 819 1070 infra,
845 1002 958 1056 tamen
991 1003 1072 1075 opto
1103 1003 1137 1058 et
1165 995 1317 1060 desidero
1346 996 1457 1079 plures
1486 1002 1618 1059 sanctos
1647 1000 1683 1056 et

330 1113 468 1177 devotos
500 1114 586 1178 viros
616 1123 649 1178 et
679 1113 820 1177 scientes
852 1112 966 1195 pocius
995 1113 1118 1178 habere
1150 1116 1258 1180 officia
1288 1125 1322 1181 et
1352 1137 1445 1182 curas
1475 1116 1508 1179 in
1539 1112 1684 1179 ecclesiis

330 1253 430 1315 quam
460 1234 623 1317 meipsum
658 1233 781 1297 habere
816 1233 905 1296 milia
941 1255 1136 1312 marcarum,
1166 1245 1201 1300 et
1230 1257 1331 1319 quam
1363 1237 1528 1320 meipsum
1559 1234 1683 1298 habere

331 1354 515 1418 maximum
538 1355 774 1437 episcopatum,
795 1355 881 1436 quia,
896 1363 983 1418 teste
1004 1355 1087 1434 Deo,
1106 1357 1133 1419 si
1151 1377 1283 1438 possem
1304 1357 1451 1440 accipere
1472 1356 1552 1420 mihi
1575 1354 1683 1419 maxi·

331 1493 422 1537 mum
445 1476 672 1558 episcopatum
699 1474 798 1558 regni,
822 1485 856 1539 et
879 1474 1007 1557 eligere,
1029 1495 1072 1539 an
1094 1475 1215 1540 vellem
1238 1479 1318 1542 dare
1343 1478 1438 1542 alteri
1460 1476 1596 1553 homini,
1620 1495 1683 1558 ego

330 1595 443 1676 pocius
464 1597 579 1660 darem
605 1596 701 1660 alteri
723 1617 823 1678 quam
849 1597 1032 1678 acciperem
1062 1596 1155 1660 illum
1180 1599 1408 1681 episcopatum
1435 1596 1534 1663 michi
1561 1596 1632 1679 ipsi,
1655 1596 1684 1658 si

329 1715 445 1779 scirem
474 1716 528 1780 vel
561 1716 729 1780 crederem
759 1718 849 1798 quod
884 1715 940 1779 ille
971 1716 1023 1780 cui
1054 1717 1167 1781 darem
1199 1717 1426 1801 episcopatum
1455 1716 1508 1782 vel
1538 1715 1682 1781 officium

330 1835 447 1899 melius
477 1846 598 1918 posset,
622 1836 728 1914 sciret,
750 1845 784 1900 et
814 1836 914 1900 vellet
943 1835 1102 1919 proficere
1136 1837 1310 1902 animabus
1339 1857 1439 1920 quam
1476 1857 1548 1920 ego,
1580 1857 1623 1901 sc.
1654 1835 1683 1900 si

329 1955 375 2019 sic
401 1953 574 2037 proficeret
601 1964 689 2020 recte
718 1956 940 2038 praedicando
965 1965 1080 2020 sancte
1106 1955 1394 2037 exemplificando‚
1420 1955 1682 2039 hospitalitatem

328 2075 482 2152 tenendo,
508 2076 617 2139 sobrie
646 2076 732 2139 inter
760 2075 911 2139 homines
937 2076 1087 2155 vivendo,
1114 2086 1148 2140 et
1179 2087 1266 2142 recte
1292 2076 1514 2155 consulendo;
1548 2087 1582 2141 et
1608 2076 1681 2140 haec

329 2195 404 2260 dico
427 2215 494 2259 non
516 2205 651 2278 propter
671 2203 791 2259 vanarn
813 2196 953 2279 gloriam
975 2207 1010 2261 et
1032 2197 1192 2261 honorem
1215 2219 1259 2261 ex
1281 2197 1344 2262 hoc
1367 2196 1467 2261 michi
1490 2196 1680 2260 habendum

329 2315 363 2378 in
392 2314 455 2380 hoc
489 2316 618 2392 saeculo,
650 2317 709 2380 sed
745 2324 782 2378 ut
819 2316 875 2381 alii
909 2316 981 2381 haec
1011 2316 1160 2400 legentes
1195 2327 1390 2382 moveantur
1420 2327 1454 2382 et
1483 2317 1681 2382 inclinentur

328 2436 476 2518 accipere
505 2437 650 2501 officium
679 2446 713 2500 et
743 2436 925 2516 ecclesiam,
951 2458 1009 2502 seu
1040 2437 1181 2503 refutare
1211 2437 1291 2502 talia
1320 2437 1442 2518 oblata,
1471 2438 1556 2502 sicut
1586 2437 1680 2501 Deus

328 2556 407 2636 vult,
430 2565 464 2621 et
487 2557 531 2620 ad
555 2557 720 2621 intentum
744 2557 891 2621 fiendum
915 2558 1005 2640 quod
1034 2557 1126 2622 Deus
1152 2559 1301 2641 praecipit
1327 2558 1406 2638 fieri,
1429 2567 1463 2623 et
1485 2558 1564 2641 quia
1587 2558 1679 2622 Deus

328 2676 390 2741 scit
411 2697 454 2740 an
477 2677 562 2742 bene
583 2677 636 2742 vel
659 2677 746 2742 male
767 2677 838 2757 feci,
856 2678 890 2741 in
913 2678 1088 2742 refutando
1110 2678 1376 2743 cancellariatum
1399 2677 1546 2743 ecclesiae
1568 2677 1679 2742 cathe-

328 2796 428 2861 dralis
454 2796 682 2876 Eboracensis,
708 2798 759 2862 cui
785 2807 862 2863 sunt
890 2799 1111 2882 appropriatae
1137 2800 1212 2863 duae
1238 2797 1383 2864 ecclesiae
1408 2797 1620 2883 parochiales,
1646 2808 1682 2864 et

328 2917 425 2997 male,
455 2927 492 2982 ut
524 2939 587 3000 ego
618 2918 754 3001 judic03
792 2919 868 2984 ideo
903 2919 1005 2984 offero
1036 2939 1090 2984 me
1121 2917 1257 2984 infinitae
1288 2919 1518 2984 misericordiae
1549 2918 1614 2983 Dei
1644 2927 1680 2983 et

327 3038 479 3120 precibus
513 3041 663 3104 omnium
698 3048 896 3118 sanctorum,
926 3039 1004 3122 quia
1036 3040 1071 3103 in
1106 3039 1279 3104 refutando
1312 3039 1375 3105 hoc
1413 3049 1447 3104 et
1480 3040 1546 3103 alia
1580 3039 1679 3104 credo

328 3157 465 3223 firmiter
499 3179 553 3223 me
588 3179 660 3224 esse
692 3170 727 3224 et
759 3160 859 3225 fuisse
894 3160 1082 3237 inhabilem,
1113 3171 1148 3225 et
1182 3180 1249 3225 non
1282 3159 1463 3226 habentem
1498 3160 1681 3225 necessaria

328 3279 484 3362 requisita
514 3280 558 3343 ad
590 3281 745 3344 standum
779 3281 812 3343 in
846 3281 964 3364 proelio
996 3302 1056 3364 pro
1087 3281 1234 3346 Domino
1263 3281 1339 3346 Deo
1371 3281 1414 3345 ad
1444 3280 1679 3346 destmendum

329 3400 417 3464 mala
436 3409 470 3464 et
492 3411 630 3482 peccata
652 3420 774 3484 magna
795 3402 903 3466 valde.

351 3557 354 3568 ·
414 3529 449 3596 [p.
464 3529 534 3597 43⁸]
579 3520 803 3587 Consimiliter
821 3523 908 3586 viros
931 3523 1088 3605 probatos
1108 3523 1142 3585 in
1162 3522 1302 3586 sciencia
1324 3529 1358 3585 et
1377 3521 1499 3586 virtute
1519 3529 1680 3604 ponerent

327 3641 472 3725 episcopi
499 3651 533 3706 et
559 3641 733 3706 collatores
756 3643 965 3708 ecclesiarum
990 3644 1024 3706 in
1050 3642 1196 3707 ecclesiis
1218 3641 1468 3725 parochialibus,
1491 3649 1525 3705 et
1548 3641 1581 3704 in
1607 3640 1680 3704 aliis

327 3762 442 3826 officiis
464 3763 507 3826 ad
530 3763 710 3846 regendum
732 3763 893 3846 populum
915 3763 988 3842 Dei,
1011 3772 1045 3827 et
1067 3783 1133 3826 non
1155 3763 1199 3827 ad
1222 3762 1498 3844 corrumpendum
1520 3761 1680 3844 populum

328 3881 393 3947 Dei
425 3893 459 3948 et
484 3885 723 3948 destruendum
755 3885 915 3968 populum
946 3886 1019 3964 Dei,
1049 3886 1135 3950 sicut
1163 3884 1289 3950 faciunt
1315 3883 1386 3966 jam
1416 3884 1565 3948 moderni
1595 3883 1682 3966 epis·

327 4005 402 4086 copi
435 4014 469 4068 et
498 4004 628 4087 patroni
658 4003 880 4084 ecclesiarum,
910 4006 966 4089 qui
999 4014 1128 4088 ponunt
1157 4005 1301 4070 festucas
1332 4005 1366 4067 in
1396 4003 1550 4081 ecclesiis,
1581 4014 1616 4069 et
1648 4004 1683 4066 in

327 4125 421 4203 curis,
436 4133 471 4189 et
492 4125 615 4201 officiis,
632 4134 666 4189 et
690 4125 724 4190 in
748 4127 944 4208 praebendis,
960 4127 1017 4190 ubi
1040 4137 1203 4209 ponerent
1226 4126 1397 4190 columnas
1418 4126 1511 4190 vivos
1533 4133 1678 4201 sanctos,

328 4269 371 4313 sc.
402 4257 435 4312 et
463 4256 609 4312 maturos
637 4249 733 4328 viros,
761 4257 794 4312 et
825 4269 890 4313 non
924 4268 1043 4331 pueros
1074 4258 1106 4312 et
1141 4249 1224 4313 alios
1250 4248 1306 4330 qui
1337 4247 1482 4312 serviunt
1512 4246 1573 4311 sibi
1604 4246 1685 4330 ipsis

973 4367 1035 4414 Ha
