4338 4936
715 365 814 422 LOCI
840 365 869 418 E
897 365 1021 420 LIBRO
1057 363 1315 419 VERITATUM.
1649 363 1691 432 45

343 588 497 656 nostram,
521 589 556 643 et
586 589 658 643 tum
690 582 752 644 iste
782 583 954 664 episcopus
982 581 1062 644 dicit
1085 581 1174 663 quod
1198 599 1264 644 non
1287 586 1440 642 tenentur
1472 575 1615 659 episcopi
1646 575 1691 639 ad

342 701 528 765 docendum
553 721 646 764 suam
671 701 866 766 diocesimt’

430 831 462 898 [p
484 830 555 896 μα]
601 823 837 906 Unusquisque
859 831 970 905 potest
989 821 1110 898 videre,
1125 821 1215 903 quod
1237 819 1354 884 melius
1372 829 1423 884 est
1443 818 1531 901 quod
1555 818 1691 882 diversae

342 945 489 1009 ecclesiae
503 944 649 1008 habeant
665 945 811 1008 diversos
827 946 998 1028 episcopos
1019 956 1053 1008 et
1074 953 1223 1021 rectores,
1242 963 1342 1026 quam
1358 943 1503 1006 diversas
1522 939 1693 1024 parochias

342 1065 465 1128 habere
487 1085 588 1127 unum
612 1073 792 1144 rectorem;
823 1075 859 1129 ut
883 1064 992 1148 plures
1018 1065 1165 1148 magistri
1193 1066 1386 1148 impositum
1413 1064 1474 1126 sibi
1498 1083 1581 1125 onus
1605 1080 1691 1125 curae

344 1185 520 1268 spiritualis
543 1185 625 1250 ferre
639 1185 764 1249 facilius
787 1196 821 1250 et
844 1186 976 1250 liberius
999 1189 1134 1270 possint,
1152 1188 1235 1250 sicut
1256 1187 1392 1269 Moyses
1411 1185 1522 1250 divisit
1545 1184 1692 1266 regimen

344 1305 456 1390 populi
482 1308 569 1369 inter
596 1305 706 1388 plures
733 1307 906 1388 magistros
930 1309 1098 1385 discretos,
1125 1328 1170 1371 sc.
1198 1320 1259 1386 70:
1293 1307 1406 1370 Exodi
1436 1306 1493 1384 183
1526 1314 1560 1369 et
1587 1303 1692 1366 eciam

344 1436 477 1490 sanctus
498 1447 586 1508 papa
609 1425 786 1509 Gregorius
809 1427 972 1491 ordinavit
999 1427 1061 1491 hac
1086 1429 1129 1492 de
1151 1448 1251 1492 causa
1276 1437 1313 1490 ut
1340 1426 1385 1509 xij
1415 1427 1560 1509 episcopi
1586 1434 1619 1489 et
1643 1424 1690 1506 xij

345 1546 492 1610 dioceses
516 1556 626 1610 essent
651 1545 704 1609 ubi
729 1546 799 1628 jam
827 1567 893 1611 non
916 1558 967 1612 est
991 1547 1051 1611 nisi
1068 1568 1164 1611 unus
1190 1548 1363 1631 episcopus
1389 1556 1423 1612 et
1447 1568 1513 1611 una
1543 1546 1693 1610 diocesis.

347 1667 431 1731 Haec
448 1667 591 1732 Sanctus
607 1667 706 1744 Beda,
723 1668 838 1730 doctor
853 1666 1049 1750 Anglorum,
1066 1669 1099 1731 in
1122 1667 1262 1751 epistola
1284 1689 1343 1731 sua
1360 1667 1508 1750 Egberto
1526 1667 1693 1750 Episcopo

346 1787 585 1862 Lindisiarniae,
609 1786 752 1870 Anglice
776 1787 975 1869 Holyeland‚
999 1790 1057 1852 ie.
1084 1809 1177 1853 sacra
1203 1788 1317 1867 insula,
1343 1797 1376 1851 et
1399 1787 1570 1852 consimile
1592 1785 1693 1850 habet

346 1907 428 1971 libro
449 1909 555 1991 primo
576 1908 619 1972 de
639 1907 748 1972 Gestis
770 1908 966 1991 Anglorum‚
981 1909 1065 1972 libro
1086 1911 1200 1992 primo,
1222 1915 1274 1974 ca⁰
1296 1906 1360 1989 29⁰.
1407 1909 1452 1972 Et
1473 1908 1620 1971 Actuum
1641 1913 1695 1992 13⁰

347 2028 510 2092 Dominus
530 2029 625 2106 dixit,
647 2027 826 2110 ‘Separate
849 2029 929 2092 mihi
954 2029 1092 2092 Paulum
1114 2041 1147 2094 et
1172 2029 1359 2092 Barnabam
1381 2030 1413 2091 in
1436 2049 1520 2113 opus
1540 2029 1582 2092 ad
1604 2028 1693 2110 quod

346 2149 508 2231 assumpsi
524 2145 599 2226 θος]
615 2169 659 2213 sc.
675 2149 707 2210 in
723 2169 806 2230 opus
821 2150 980 2232 evangelii
996 2157 1030 2213 et
1046 2149 1291 2232 praedicacionis
1305 2149 1394 2212 verbi
1411 2149 1485 2212 Dei.
1532 2148 1696 2212 Dominus

346 2271 434 2332 enim
451 2269 541 2332 novit
557 2269 645 2350 quod
667 2271 719 2332 isti
736 2271 802 2332 duo
820 2271 965 2353 episcopi
989 2280 1022 2333 et
1045 2279 1187 2334 rectores
1205 2270 1238 2332 in
1255 2269 1391 2333 diversis
1406 2269 1487 2332 locis
1502 2269 1693 2344 existentes,

347 2388 440 2471 plura
455 2387 543 2452 bona
559 2387 704 2453 iacerent
719 2410 819 2472 quam
835 2391 863 2453 si
880 2411 964 2454 unus
979 2399 1085 2454 rector
1101 2399 1277 2473 utmmque
1294 2389 1402 2453 locum
1418 2399 1601 2472 occuparet,
1617 2391 1696 2472 quia

347 2509 456 2592 plures
478 2509 555 2572 boni
579 2518 720 2572 rectores
745 2510 778 2572 in
801 2511 936 2574 diversis
951 2511 1031 2575 locis
1047 2511 1229 2575 existentes
1251 2520 1388 2592 possunt
1411 2510 1517 2592 magis
1540 2509 1696 2593 proficere

348 2650 449 2712 quam
471 2649 556 2691 unus
579 2629 722 2693 retinens
744 2630 889 2694 diversas
912 2630 1075 2695 ecclesias.

433 2758 473 2824 [p.
489 2757 562 2824 416]
608 2749 670 2814 Est
692 2751 781 2813 enim
805 2752 848 2814 de
871 2750 959 2814 malo
982 2760 1122 2833 patrono
1145 2749 1300 2827 ecclesiae‚
1315 2758 1349 2813 et
1364 2751 1407 2813 de
1425 2748 1514 2813 malo
1532 2750 1696 2832 episcop0,

348 2879 382 2934 et
404 2869 447 2932 de
470 2868 557 2932 malo
581 2879 713 2946 rectore,
729 2871 813 2934 sicut
832 2880 882 2934 est
904 2872 946 2934 de
966 2871 1161 2934 vicecomite
1184 2871 1279 2933 etde
1300 2868 1431 2946 ballivo,
1449 2870 1505 2951 qui
1525 2871 1696 2934 annuatim

347 2989 456 3053 reddit
478 2997 670 3072 compotum
694 2991 761 3072 regi
786 2991 819 3054 in
842 2991 1005 3056 scaccario
1028 3011 1088 3054 suo
1112 2989 1293 3053 Londoniis
1316 2991 1358 3053 de
1380 2989 1513 3054 annuali
1540 2991 1698 3072 pensione

348 3110 398 3172 sui
421 3108 527 3173 officii.
581 3109 728 3174 Reddito
751 3110 839 3175 enim
862 3122 1019 3194 compoto
1041 3110 1128 3194 petit
1149 3110 1289 3174 ballivus
1311 3110 1447 3192 alicujus
1470 3110 1621 3186 civitatis,
1639 3111 1696 3192 qui

348 3231 395 3294 sic
418 3230 526 3294 reddit
544 3239 737 3312 compotum
759 3251 864 3309 suum,
879 3233 1139 3314 acquietanciam
1161 3231 1205 3294 ab
1224 3232 1375 3295 auditore
1389 3252 1469 3310 suo;
1492 3231 1550 3294 sed
1566 3231 1698 3296 auditor

349 3353 495 3434 compoti
521 3361 621 3433 negat
647 3352 677 3414 ei
704 3353 962 3435 acquietanciam
988 3374 1161 3436 quousque
1188 3353 1390 3436 responderit
1416 3351 1549 3415 cuilibet
1571 3351 1697 3415 homini

349 3473 405 3554 qui
443 3471 564 3554 objecit
601 3473 769 3537 scedulam
802 3476 1038 3538 accusatoriam
1072 3483 1186 3538 contra
1220 3475 1361 3537 eundem
1392 3473 1571 3550 ballivum;
1608 3474 1699 3537 unde

350 3592 482 3656 auditor
504 3593 649 3674 compoti
672 3593 718 3656 sic
745 3594 846 3658 obicit
868 3594 998 3667 ballivo,
1026 3593 1238 3677 ‘Antequam
1262 3593 1523 3676 acquietanciam
1546 3592 1699 3657 habueris

350 3713 513 3795 responde
529 3711 586 3774 tali
606 3711 731 3775 homini
748 3724 782 3777 et
800 3713 858 3776 tali
873 3714 951 3792 viro,
967 3715 1023 3796 qui
1042 3723 1221 3797 posuerunt
1243 3715 1470 3778 accusaciones
1493 3722 1527 3777 et
1549 3713 1700 3778 scedulas

351 3841 465 3896 contra
482 3827 551 3908 te;'
575 3841 608 3894 et
629 3833 746 3895 reddet
769 3845 847 3898 tunc
867 3834 1009 3897 ballivus
1030 3855 1066 3898 se
1086 3836 1265 3899 immunem
1282 3835 1324 3898 de
1347 3834 1411 3897 illis
1434 3834 1700 3898 accusacionibus

351 3962 530 4034 antequam
553 3952 812 4033 acquietanciam
836 3955 993 4036 receperit
1016 3976 1036 4018 a
1058 3976 1117 4018 suo
1140 3955 1298 4020 auditore.
1344 3955 1473 4018 Revera
1493 3954 1547 4033 sic,
1563 3955 1596 4016 in
1617 3954 1701 4020 hora

348 4073 461 4155 judicii
491 4093 603 4136 coram
633 4072 717 4152 Deo,
747 4074 877 4138 reddito
907 4085 1063 4158 compoto
1095 4087 1129 4140 et
1166 4076 1295 4140 racione
1324 4075 1367 4140 de
1396 4075 1524 4139 actibus
1553 4075 1701 4158 propriis,
1785 4076 1791 4087 '

351 4194 500 4258 redditur
516 4193 601 4257 racio
620 4214 728 4258 coram
746 4195 820 4258 Deo
836 4197 878 4259 de
896 4193 989 4259 malis
1008 4197 1161 4278 operibus
1184 4207 1217 4260 et
1240 4198 1282 4261 de
1304 4195 1399 4260 bonis
1419 4196 1547 4260 omissis
1562 4195 1700 4261 aliorum
