4338 4936
481 377 525 443 34
859 365 958 422 LOCI
984 367 1013 420 E
1042 365 1166 420 LIBRO
1202 363 1461 420 VERITAYUM.

482 601 556 644 ores
579 589 699 646 vacant
725 581 858 661 deliciis,
886 592 919 646 et
949 582 1159 666 episcopatus
1187 591 1220 645 et
1248 601 1370 664 magna
1397 579 1504 644 officia
1534 579 1680 655 ecclesiae
1711 579 1838 643 habent

467 701 545 796 sibi
572 702 652 785 ipsis
678 723 843 778 concessa,
857 704 993 768 'domini
1023 712 1203 786 antequam
1232 711 1364 780 vacent,
1392 711 1426 765 et
1449 721 1549 764 onera
1570 721 1630 763 sua
1652 699 1725 764 aliis
1747 720 1838 764 com·

483 823 620 887 mittunt
639 833 673 888 et
694 824 755 906 ipsi
777 846 842 888 non
864 835 1090 908 cooperantur,
1107 845 1167 887 nec
1189 821 1347 906 operibus
1370 821 1558 884 melioribus
1574 830 1608 886 et
1624 820 1839 885 sanctioribus

481 952 610 1022 vacant,
635 954 669 1009 et
691 965 807 1010 omnes
831 946 1054 1011 correcciones
1076 947 1260 1010 animarum
1287 943 1355 1007 lere
1378 943 1590 1006 destruuntur
1612 963 1671 1025 per
1693 941 1840 1025 appella·

481 1065 594 1130 ciones
622 1063 676 1129 vel
714 1086 774 1149 per
808 1065 1023 1131 inhibiciones
1055 1065 1163 1130 Curiae
1194 1066 1237 1130 de
1266 1064 1423 1128 Arcubus
1452 1059 1654 1126 Londoniae!
1714 1063 1753 1126 ln
1788 1061 1840 1124 his

481 1183 601 1249 diebus
621 1185 725 1250 habet
754 1187 930 1252 duodecim
954 1187 1139 1271 prebendas
1161 1207 1246 1249 unus
1267 1185 1399 1268 juvenis
1422 1183 1541 1262 fatuus,
1568 1204 1667 1266 quem
1695 1184 1779 1260 novi,
1806 1193 1840 1248 et

482 1326 586 1369 unum
610 1327 769 1390 magnum
791 1306 1095 1372 archidiaconatum
1118 1308 1152 1370 in
1178 1305 1313 1390 Anglia,
1343 1315 1377 1370 et
1406 1315 1478 1370 tum
1504 1314 1646 1370 nonest
1676 1303 1843 1378 sacerdos,

482 1445 544 1491 nec
560 1448 706 1511 unquam
722 1427 784 1493 erit
803 1428 923 1493 habilis
939 1438 976 1492 ut
990 1429 1034 1492 sit
1052 1429 1214 1506 sacerdos
1229 1428 1291 1491 nisi
1305 1427 1397 1490 Deus
1412 1425 1510 1490 faciat
1526 1425 1719 1490 miraculum
1732 1446 1740 1504 3
1763 1425 1839 1487 novi

482 1547 572 1611 enim
597 1549 685 1631 quod
708 1569 730 1613 a
748 1547 925 1632 juventute
947 1570 1006 1612 sua
1021 1549 1081 1613 fuit
1104 1557 1138 1613 et
1161 1557 1211 1612 est
1233 1547 1344 1613 fatuus
1367 1547 1579 1613 naturaliter:
1601 1556 1637 1610 et
1655 1545 1730 1609 novi
1749 1545 1843 1627 quod¹

482 1665 557 1732 laici
584 1668 771 1752 voluptuosi
802 1679 835 1734 et
862 1671 896 1733 in
920 1668 1082 1734 adulterio
1108 1669 1255 1733 viventes
1280 1669 1405 1732 habent
1430 1669 1520 1732 bona
1542 1688 1601 1730 sua
1625 1675 1658 1730 et
1688 1665 1787 1730 nichil
1809 1666 1840 1729 ei

481 1789 632 1855 tribuunt
658 1790 720 1854 nisi
745 1791 835 1874 quod
859 1791 906 1854 eis
931 1789 1051 1873 placet.
1110 1789 1195 1866 Heu,
1223 1790 1297 1867 heu,
1324 1790 1469 1853 Domine
1492 1789 1593 1865 Deus,
1618 1787 1695 1869 quia
1717 1786 1841 1850 creavit

483 1908 655 1974 ecclesiam
679 1911 957 1994 malignancium!

571 2039 604 2106 [p.
622 2037 692 2109 ³79]
738 2029 822 2114 Quis
842 2040 921 2095 tunc
943 2039 1066 2095 anneta
1088 2029 1186 2094 solvit
1206 2029 1362 2094 Romano
1383 2029 1531 2113 pontifici
1552 2038 1732 2112 antequam
1754 2035 1842 2092 esset

482 2149 687 2235 episcopus?
745 2149 844 2215 Certe
868 2150 977 2214 nullus
991 2173 999 2230 ;
1037 2151 1096 2215 sed
1123 2150 1295 2232 Johannes
1321 2150 1411 2232 xxij⁰
1439 2170 1526 2234 papa
1559 2150 1730 2214 Romanus
1756 2133 1842 2214 tales¹

482 2273 640 2354 pecunias
664 2272 735 2336 sedi
762 2271 927 2336 Romanae
954 2273 1141 2354 procuravit
1167 2293 1228 2354 pro
1254 2282 1341 2335 terra
1370 2272 1596 2354 promissionis
1626 2272 1793 2354 eripienda
1820 2277 1841 2334 a

484 2393 638 2457 manibus
669 2413 874 2476 paganorum
905 2401 938 2456 et
967 2392 1151 2475 gentilium,
1175 2403 1208 2455 et
1239 2401 1355 2474 postea
1384 2393 1533 2474 pecuniae
1567 2391 1632 2455 illae
1670 2366 1840 2456 remanent

481 2533 624 2578 camerae
653 2513 764 2596 Papae,
787 2522 823 2578 ut
854 2513 1092 2578 distribuantur
1121 2514 1206 2577 inter
1231 2511 1413 2577 cardinales
1439 2521 1473 2576 et
1501 2512 1717 2576 cubicularios
1739 2512 1839 2595 Papae

483 2643 519 2698 et
546 2633 616 2718 ejus
643 2635 819 2710 ministros,
847 2636 904 2717 qui
925 2633 1006 2716 jam,
1031 2644 1069 2699 ut
1094 2632 1266 2696 manifeste
1290 2632 1399 2696 evidet
1430 2651 1473 2694 ex
1501 2652 1615 2695 eorum
1639 2632 1742 2711 sactis,
1765 2633 1840 2715 plus

483 2753 610 2820 iaciunt
639 2776 700 2838 pro
730 2757 871 2840 pecunia
900 2755 1087 2839 recipienda
1116 2773 1217 2836 quarn
1248 2751 1328 2816 fiant
1359 2753 1464 2816 sancti
1493 2761 1604 2835 patres
1636 2753 1776 2818 instituti
1807 2753 1841 2817 in·

484 2875 633 2955 ecclesia,
659 2878 737 2960 quia
770 2877 944 2940 deficiente
970 2876 1110 2958 pecunia
1140 2874 1346 2956 denegantur
1376 2872 1475 2936 bullae
1501 2874 1636 2956 papales
1668 2895 1742 2956 quae
1769 2874 1839 2958 jam

484 2997 694 3079 requiruntur
718 2996 885 3080 episcope,
911 3005 945 3059 et
974 2995 1183 3061 confirmacio
1213 2993 1394 3070 eleccionis,
1422 3003 1455 3058 et
1485 2997 1592 3058 omnis
1623 2994 1743 3059 eleccio
1773 2995 1841 3059 sere

483 3117 617 3200 propria
646 3116 820 3182 voluntate
852 3117 979 3181 utinam
1009 3137 1075 3180 non
1109 3117 1180 3179 sine
1211 3113 1341 3179 racione
1371 3123 1544 3179 cassatur:
1583 3124 1616 3179 et
1654 3115 1840 3198 polluerunt

482 3236 649 3320 templum
675 3237 740 3300 Dei
771 3246 805 3301 et
834 3246 1015 3320 posuerunt
1044 3237 1076 3299 in
1108 3256 1225 3299 manus
1248 3255 1362 3299 eorum
1390 3255 1474 3318 quos
1500 3257 1612 3318 poma
1629 3255 1741 3298 eorum
1768 3245 1840 3300 tute

484 3357 650 3424 custodire
673 3379 739 3422 non
763 3357 925 3422 credunt!

572 3487 606 3555 [p.
626 3487 698 3552 aaa]
754 3476 979 3541 Consimiliter
1018 3475 1167 3540 Thomas
1204 3475 1355 3540 Arundel
1395 3475 1604 3541 Baccillarius
1645 3479 1769 3542 arcium
1807 3485 1840 3540 et

482 3597 764 3682 Archiepiscopus
792 3596 1038 3662 cantuariensis
1070 3595 1148 3661 lecit
1185 3617 1260 3660 cum
1298 3597 1364 3660 suis
1401 3598 1673 3662 constitucionem
1711 3599 1840 3681 provin-

483 3717 611 3792 cialem,
643 3739 684 3782 ne
714 3717 833 3800 aliquis
864 3739 928 3780 non
959 3717 1183 3800 privilegiatus
1216 3717 1410 3799 praedicaret
1440 3719 1565 3801 populo
1599 3721 1668 3782 sine
1705 3719 1840 3783 licencia

482 3849 624 3923 optenta
654 3839 808 3923 episcopi,
839 3859 914 3922 quae
941 3837 1011 3921 jam
1043 3858 1108 3901 non
1138 3838 1278 3901 habetur
1308 3839 1369 3902 nisi
1403 3861 1477 3903 cum
1509 3842 1638 3924 magnis
1671 3841 1840 3905 instanciis

479 3959 624 4024 'aliorum
646 3959 699 4023 vel
723 3980 784 4043 pro
807 3960 962 4043 pecuniis,
986 3979 1045 4023 nec
1068 3959 1214 4041 episcopi
1237 3958 1341 4021 debiti
1364 3961 1546 4042 praedicant
1571 3980 1630 4022 nec
1652 3961 1695 4022 ad
1722 3961 1841 4043 praedi-

485 4080 628 4144 candum
658 4079 742 4144 alios
771 4079 932 4144 exhibent
962 4099 1022 4144 nec
1053 4080 1187 4144 mittant
1215 4079 1295 4162 (sic),
1328 4089 1361 4142 et
1392 4081 1454 4143 iste
1484 4078 1638 4144 Arundel
1669 4079 1734 4144 cito
1764 4089 1841 4163 post

485 4199 576 4264 illam
607 4201 879 4265 constitucionem
906 4199 1029 4264 iactam
1056 4200 1099 4264 de
1119 4199 1232 4264 Verbo
1257 4199 1321 4262 Dei
1346 4199 1515 4284 alligando
1538 4201 1598 4265 luit
1625 4203 1780 4265 obtrusus
1807 4203 1839 4264 in
1908 4230 1911 4235 ·
